@article{arnold_interior_1982,
	title = {An {Interior} {Penalty} {Finite} {Element} {Method} with {Discontinuous} {Elements}},
	volume = {19},
	issn = {0036-1429, 1095-7170},
	number = {4},
	journal = {SIAM Journal on Numerical Analysis},
	author = {Arnold, Douglas N.},
	month = aug,
	year = {1982},
	keywords = {Discontinuous Galerkin, Interior Penalty},
	pages = {742--760}
}


@BOOK{Brezzi-Fortin:91,
	AUTHOR       = {F. Brezzi and M. Fortin},
	TITLE        = {Mixed and Hybrid Finite Element Methods},
	PUBLISHER    = {Springer-Verlag},
	YEAR         = 1991,
	ADDRESS      = {New-York}
}

@misc{Boffi-Brezzi-Fortin:08,
	author="Boffi, Daniele and Brezzi, Franco and Fortin, Michel",
	title="{Finite elements for the {S}tokes problem.}",
	howpublished="{Boffi, Daniele (ed.) et al., Mixed finite elements, compatibility
	conditions, and applications. Lectures given at the C.I.M.E. summer school,
	Cetraro, Italy, June 26--July 1, 2006. Berlin: Springer; Florenz: Fondazione
	CIME Roberto Conti. Lecture Notes in Mathematics 1939, 45-100 (2008).}",
	year="2008",
	abstract="{The article provides a systematic, detailed didactic analysis of the
	finite element methods intended to solve arbitrary dimensional Stokes
	problems. The emphasis is however on 2D and 3D cases. The authors review
	several classes of finite elements for the approximation of both unknowns,
	velocity field and pressure. They pay a special attention to standard
	techniques for the proof of inf-sup stability condition. Eventually, they
	also approach the approximation of nearly incompressible materials (reduced
	integration method and penalty methods).}",
	reviewer="{Calin Ioan Gheorghiu (Cluj-Napoca)}",
	keywords="{generalized Taylor-Hood elements; nearly incompressible elastic
	materials; error estimates; inf-sup stability condition}",
	classmath="{*76M10 (Finite element methods)
	76D07 (Stokes flows)
	74S05 (Finite element methods)
	65N15 (Error bounds (BVP of PDE))
	65N30 (Finite numerical methods (BVP of PDE))
	}",
}

@Book{Quarteroni-Sacco-Salieri:00,
	author =	 {A. Quarteroni and R. Sacco and F. Saleri},
	title = 	 {Numerical mathematics},
	publisher = 	 {Springer},
	year = 	 {2000},
	address =	 {New York}
}

@book{Ciarlet:89,
	author = {Ciarlet, Philippe G.},
	title = {Introduction to numerical linear algebra and optimisation},
	year = {1989},
	publisher = {Cambridge University Press},
	address = {New York, NY, USA},
}

@misc{FreeFem++,
	author = {Pironneau, O. and Hecht,  F. and Le Hyaric, A. and Morice, J.},
	citeulike-article-id = 7132649,
	keywords = {assignment, freefem},
	posted-at = {2010-05-06 18:03:56},
	priority = 2,
	title = {{FreeFEM++, \url{http://www.freefem.org/}}}}

@article {HechtFreeFem++,
	AUTHOR = {Hecht, F.}, TITLE = {New development in FreeFem++},
	JOURNAL = {J. Numer. Math.},  FJOURNAL = {Journal of Numerical Mathematics},
	VOLUME = {20}, YEAR = {2012},
	NUMBER = {3-4}, PAGES = {251--265},
	ISSN = {1570-2820}, MRCLASS = {65Y15}, MRNUMBER = {3043640},
}


@book{girault-raviart:86,
	year = {1986},
	author = {Girault, V. and Raviart, P.-A.},
	publisher = {Springer-Verlag},
	title = {Finite element methods for {Navier-Stokes} equations}
}


@article{Gmsh:09,
	added-at = {2011-02-22T12:29:36.000+0100},
	author = {Geuzaine, C. and Remacle, J.-F.},
	biburl = {http://www.bibsonomy.org/bibtex/2cd9b8cbc87f92553a25d441d517c7bcd/toevanen},
	interhash = {809553a2dcc2cd428ed154265bd9d7bb},
	intrahash = {cd9b8cbc87f92553a25d441d517c7bcd},
	issue = {11},
	journal = {International Journal for Numerical Methods in Engineering},
	keywords = {mesh_generation software},
	pages = {1309 -- 1331},
	timestamp = {2011-02-22T12:29:36.000+0100},
	title = {Gmsh: {A 3-D} finite element mesh generator with built-in pre- and post-processing facilities},
	volume = 79,
	year = 2009
}

@article{LibMesh:06,
	author = {Kirk, B.S. and Peterson, J.W. and Stogner, R.H. and Carey, G.F.},
	title = {libMesh: a C++ library for parallel adaptive mesh refinement/coarsening simulations},
	journal = {Eng. with Comput.},
	volume = {22},
	number = {3},
	month = dec,
	year = {2006},
	issn = {0177-0667},
	pages = {237--254},
	numpages = {18},
	acmid = {1230693},
	publisher = {Springer-Verlag},
	address = {London, UK, UK},
	keywords = {Adaptive mesh refinement, Finite elements, Parallel computing},
}

@article{Guillen-RRGalvan:hydrostatic:NUMAT:15,
	title = {Analysis of the hydrostatic {Stokes} problem and finite-element approximation in unstructured meshes},
	volume = {130},
	number = {2},
	journal = {Numerische Mathematik},
	author = {Guillén-González, F. and Rodríguez-Galván, J. R.},
	month = jun,
	year = {2015},
	pages = {225--256}
}

@article{Guillen-RRGalvan:stabilized:SINUM:15,
	title = {Stabilized {Schemes} for the {Hydrostatic} {Stokes} {Equations}},
	volume = {53},
	number = {4},
	journal = {SIAM Journal on Numerical Analysis},
	author = {Guillén González, F. and Rodríguez Galván, J. R.},
	month = jan,
	year = {2015}
}

@article{Guillen-RRGalvan:stokes:APNUM:16,
	title = {On the stability of approximations for the {Stokes} problem using different finite element spaces for each component of the velocity},
	volume = {99},
	issn = {01689274},
	journal = {Applied Numerical Mathematics},
	author = {Guillén-González, F. and Rodríguez Galván, J.R.},
	month = jan,
	year = {2016},
	pages = {51--76},
}

@article{arnold_cockburn_unified_2002,
	title = {Unified {Analysis} of {Discontinuous} {Galerkin} {Methods} for {Elliptic} {Problems}},
	volume = {39},
	number = {5},
	journal = {SIAM Journal on Numerical Analysis},
	author = {Arnold, Douglas N. and Brezzi, Franco and Cockburn, Bernardo and Marini, L. Donatella},
	month = jan,
	year = {2002},
	keywords = {Discontinuous Galerkin},
	pages = {1749--1779},
	file = {Arnold-Brezzi-Cockburn-MariniUnfied-DG2001.pdf:/home/cucharro/.mozilla/firefox/hx2epi5c.default/zotero/storage/WIKRCJBM/Arnold-Brezzi-Cockburn-MariniUnfied-DG2001.pdf:application/pdf}
}

@book{CockburnKarniadakisShu:2011:DGM:2408658,
	author = {Cockburn, Bernardo and Karniadakis, George E. and Shu, Chi-Wang},
	title = {Discontinuous Galerkin Methods: Theory, Computation and Applications},
	year = {2011},
	edition = {1st},
	publisher = {Springer Publishing Company, Incorporated},
}

@article{cockburn_local_2002,
	title = {Local {Discontinuous} {Galerkin} {Methods} for the {Stokes} {System}},
	volume = {40},
	number = {1},
	journal = {SIAM Journal on Numerical Analysis},
	author = {Cockburn, Bernardo and Kanschat, Guido and Schötzau, Dominik and Schwab, Christoph},
	month = jan,
	year = {2002},
	pages = {319--343},
}

@article{hansbo_discontinuous_2002,
	title = {Discontinuous {Galerkin} methods for incompressible and nearly incompressible elasticity by {Nitsche}'s method},
	volume = {191},
	number = {17-18},
	journal = {Computer methods in applied mechanics and engineering},
	author = {Hansbo, Peter and Larson, Mats G.},
	year = {2002},
}

@book{kanschat_discontinuous_2007,
	address = {Wiesbaden},
	edition = {1. ed},
	series = {Teubner research},
	title = {Discontinuous galerkin methods for viscous incompressible flow},
	publisher = {Dt. Univ.-Verl},
	author = {Kanschat, Guido},
	year = {2007}
}


@InCollection{Guillen-Redondo-Galvan-Sringer2019,
	author = 	 {Guillén-González, F. and Redondo-Neble, M.V. and Rodríguez-Galván, J. R.},
	title = 	 {On Stability of Discontinuous Galerkin Approximations to Anisotropic {S}tokes Equations},
	booktitle = 	 {Recent Advances in Differential Equations and Applications},
	publisher = {Springer International Publishing},
	year = 	 2019}


@book{protter_weinberger,
	title = {Maximum {Principles} in {Differential} {Equations}},
	author = {Protter, Murray and Weinberger, Hans},
	publisher = {Springer-Verlag, New York},
	year = {1984},
}

@article{Riviere_DG_advect_CH_2018,
	title = {A finite volume / discontinuous {Galerkin} method for the advective {Cahn}–{Hilliard} equation with degenerate mobility on porous domains stemming from micro-{CT} imaging},
	volume = {22},
	number = {2},
	journal = {Computational Geosciences},
	author = {Frank, Florian and Liu, Chen and Alpak, Faruk O. and Riviere, Beatrice},
	year = {2018},
	pages = {543--563},
	publisher={Springer},
  	doi={10.1007/s10596-017-9709-1}
}

@article{kay_styles_suli_DG_2009,
	title = {Discontinuous Galerkin Finite Element Approximation of the Cahn--Hilliard Equation with Convection},
	volume = {47},
	number = {4},
	journal = {SIAM Journal on Numerical Analysis},
	author = {Kay, David and Styles, Vanessa and Süli, Endre},
	year = {2009},
	pages = {2660--2685},
	doi={10.1137/080726768}
}

@article{Anderson_MacFadden_Wheeler_1998,
	author = {Anderson, D. M. and McFadden, G. B. and Wheeler, A. A.},
	title = {Diffuse-Interface Methods in Fluid Mechanics},
	journal = {Annual Review of Fluid Mechanics},
	volume = {30},
	number = {1},
	pages = {139-165},
	year = {1998},
}

@article{cahn_hilliard_1958,
	title = {Free {Energy} of a {Nonuniform} {System}. {I}. {Interfacial} {Free} {Energy}},
	volume = {28},
	number = {2},
	journal = {The Journal of Chemical Physics},
	author = {Cahn, John W. and Hilliard, John E.},
	year = {1958},
	pages = {258--267},
	doi = {10.1063/1.1744102}
}

@article{Cahn_1795,
	title = {On spinodal decomposition},
	journal = {Acta Metallurgica},
	volume = {9},
	number = {9},
	pages = {795-801},
	year = {1961},
	author = {John W Cahn},
	doi = {10.1016/0001-6160(61)90182-1}
}

@article{guillen-gonzalez_second_2014,
	title = {Second order schemes and time-step adaptivity for {Allen}--{Cahn} and {Cahn}--{Hilliard} models},
	volume = {68},
	abstract = {In this paper, we focus on efficient second-order in time approximations of the Allen–Cahn and {Cahn}–Hilliard equations. First of all, we present the equations, generic second-order schemes (based on a mid-point approximation of the diffusion term) and some schemes already introduced in the literature. Then, we propose new ways of deriving second-order in time approximations of the potential term (starting from the main schemes introduced in Guillén-González and Tierra (2013)), yielding to new second-order schemes. For these schemes and other second-order schemes previously introduced in the literature, we study the constraints on the physical and discrete parameters that can appear to assure the energy-stability, unique solvability and, in the case of nonlinear schemes, the convergence of Newton’s method to the nonlinear schemes. Moreover, in order to save computational cost we have developed a new adaptive time-stepping algorithm based on the numerical dissipation introduced in the discrete energy law in each time step. Finally, we compare the behaviour of the schemes and the effectiveness of the adaptive time-stepping algorithm through several computational experiments.},
	number = {8},
	journal = {Computers \& Mathematics with Applications},
	author = {Guillén-González, Francisco and Tierra, Giordano},
	year = {2014},
	pages = {821--846},
	doi={10.1016/j.camwa.2014.07.014}
}


@article{guillen-gonzalez_linear_2013,
	title = {On linear schemes for a {Cahn}--{Hilliard} diffuse interface model},
	volume = {234},
	journal = {Journal of Computational Physics},
	author = {Guillén-González, F. and Tierra, G.},
	year = {2013},
	keywords = {Phase field / Difuse interface},
	pages = {140--171},
	doi={10.1016/j.jcp.2012.09.020}
}


@article{wu_zwieten_vanDerZee_2014,
	title = {Stabilized second-order convex splitting schemes for {Cahn}--{Hilliard} models with application to diffuse-interface tumor-growth models},
	volume = {30},
	number = {2},
	journal = {International Journal for Numerical Methods in Biomedical Engineering},
	author = {Wu, X. and Zwieten, G. J. and van der Zee, K. G.},
	year = {2014},
	keywords = {Phase field / Difuse interface, Tumor modelling},
	pages = {180--203},
	doi={10.1002/cnm.2597}
}

@article{wise,
	title = {Three-dimensional multispecies nonlinear tumor growth-{I}: {Model} and numerical method},
	volume = {253},
	number = {3},
	journal = {Journal of Theoretical Biology},
	author = {Wise, S.M. and Lowengrub, J.S. and Frieboes, H.B. and Cristini, V.},
	year = {2008},
  doi = {10.1016/j.jtbi.2008.03.027},
	keywords = {Phase field / Difuse interface, Tumor modelling},
	pages = {524--543}
}

@article{bertozzi_inpainting_2007,
	title = {Inpainting of {Binary} {Images} {Using} the {Cahn}--{Hilliard} {Equation}},
	volume = {16},
	abstract = {Image inpainting is the ﬁlling in of missing or damaged regions of images using information from surrounding areas. We outline here the use of a model for binary inpainting based on the {Cahn}–Hilliard equation, which allows for fast, efﬁcient inpainting of degraded text, as well as superresolution of high contrast images.},
	number = {1},
	journal = {IEEE Transactions on Image Processing},
	author = {Bertozzi, Andrea L. and Esedoglu, Selim and Gillette, Alan},
	year = {2007},
	pages = {285--291},
	doi = {10.1109/tip.2006.887728}
}


@article{badalassi_ceniceros_banerjee-multiphase_systems_2003,
	title = {Computation of multiphase systems with phase field models},
	volume = {190},
	abstract = {Phase ﬁeld models oﬀer a systematic physical approach for investigating complex multiphase systems behaviors such as near-critical interfacial phenomena, phase separation under shear, and microstructure evolution during solidiﬁcation. However, because interfaces are replaced by thin transition regions (diﬀuse interfaces), phase ﬁeld simulations require resolution of very thin layers to capture the physics of the problems studied. This demands robust numerical methods that can eﬃciently achieve high resolution and accuracy, especially in three dimensions. We present here an accurate and eﬃcient numerical method to solve the coupled {Cahn}–Hilliard/Navier–Stokes system, known as Model H, that constitutes a phase ﬁeld model for density-matched binary ﬂuids with variable mobility and viscosity. The numerical method is a time-split scheme that combines a novel semi-implicit discretization for the convective Cahn–Hilliard equation with an innovative application of high-resolution schemes employed for direct numerical simulations of turbulence. This new semi-implicit discretization is simple but eﬀective since it removes the stability constraint due to the nonlinearity of the Cahn–Hilliard equation at the same cost as that of an explicit scheme. It is derived from a discretization used for diﬀusive problems that we further enhance to eﬃciently solve ﬂow problems with variable mobility and viscosity. Moreover, we solve the Navier–Stokes equations with a robust time-discretization of the projection method that guarantees better stability properties than those for Crank–Nicolson-based projection methods. For channel geometries, the method uses a spectral discretization in the streamwise and spanwise directions and a combination of spectral and high order compact ﬁnite diﬀerence discretizations in the wall normal direction. The capabilities of the method are demonstrated with several examples including phase separation with, and without, shear in two and three dimensions. The method eﬀectively resolves interfacial layers of as few as three mesh points. The numerical examples show agreement with analytical solutions and scaling laws, where available, and the 3D simulations, in the presence of shear, reveal rich and complex structures, including strings.},
	number = {2},
	journal = {Journal of Computational Physics},
	author = {Badalassi, V.E. and Ceniceros, H.D. and Banerjee, S.},
	year = {2003},
	pages = {371--397},
	doi = {10.1016/S0021-9991(03)00280-8}
}


@article{kim_review_phase-field_fluid_2012,
	title = {Phase-{Field} {Models} for {Multi}-{Component} {Fluid} {Flows}},
	volume = {12},
	number = {3},
	journal = {Communications in Computational Physics},
	author = {Kim, Junseok},
	year = {2012},
	keywords = {Phase field / Difuse interface},
	pages = {613--661},
	file = {Kim - 2012 - Phase-Field Models for Multi-Component Fluid Flows.pdf:/home/rrgalvan/Varios/Zotero/storage/TXHTI848/Kim - 2012 - Phase-Field Models for Multi-Component Fluid Flows.pdf:application/pdf},
	DOI={10.4208/cicp.301110.040811a},
}

@article{Kim_CH-FiniteDifference_2007,
	title = {A numerical method for the {Cahn}--{Hilliard} equation with a variable mobility},
	journal = {Communications in Nonlinear Science and Numerical Simulation},
	volume = {12},
	number = {8},
	pages = {1560-1571},
	year = {2007},
	author = {Junseok Kim},
	doi={10.1016/j.cnsns.2006.02.010}
}

@article{wang-wise-steven_CrystalCH_2011,
	title={An Energy Stable and Convergent Finite-Difference Scheme for the Modified Phase Field Crystal Equation},
	author={Wang, C. and Wise, Steven M},
	journal={SIAM Journal on Numerical Analysis},
	volume={49},
	number={3},
	pages={945--969},
	year={2011},
	publisher={SIAM},
	doi={10.1137/090752675}
}

@article{furihata-daisuke_CH-2001,
	title={A stable and conservative finite difference scheme for the {Cahn}--{Hilliard} equation},
	author={Furihata, Daisuke},
	journal={Numerische Mathematik},
	volume={87},
	number={4},
	pages={675--699},
	year={2001},
	publisher={Springer},
	doi={10.1007/PL00005429}
}

@article{cheng-wise-et_al_CH-FD_2019,
	title={An energy stable fourth order finite difference scheme for the {Cahn}--{Hilliard} equation},
	author={Cheng, Kelong and Feng, Wenqiang and Wang, Cheng and Wise, Steven M},
	journal={Journal of Computational and Applied Mathematics},
	volume={362},
	pages={574--595},
	year={2019},
	publisher={Elsevier},
	doi={10.1016/j.cam.2018.05.039}
}


@article{bailo-carrillo_Cahn-Hilliard-FV_2021,
author = {Bailo, Rafael and Carrillo, Jos\'{e} A. and Kalliadasis, Serafim and Perez, Sergio P.},
title = {Unconditional Bound-Preserving and Energy-Dissipating Finite-Volume Schemes for the Cahn-Hilliard Equation},
journal = {Communications in Computational Physics},
year = {2023},
volume = {34},
number = {3},
pages = {713--748},
doi = {https://doi.org/10.4208/cicp.OA-2023-0049},
}

@article{cueto-peraire_Cahn-Hilliard_FV_2008,
	title={A time-adaptive finite volume method for the {Cahn}--{Hilliard} and {K}uramoto--{S}ivashinsky equations},
	author={Cueto-Felgueroso, Luis and Peraire, Jaume},
	journal={Journal of Computational Physics},
	volume={227},
	number={24},
	pages={9985--10017},
	year={2008},
	publisher={Elsevier},
	doi={10.1016/j.jcp.2008.07.024}
}

@article{Li-Gao-Chen_Navier-Stokes-Cahn-Hilliard-FV_2020,
	title={Discontinuous finite volume element method for a coupled {N}avier-{S}tokes-{C}ahn-{Hilliard} phase field model},
	author={Li, Rui and Gao, Yali and Chen, Jie and Zhang, Li and He, Xiaoming and Chen, Zhangxin},
	journal={Advances in Computational Mathematics},
	volume={46},
	number={2},
  pages={25},
	year={2020},
	publisher={Springer},
	doi={10.1007/s10444-020-09764-4}
}

@article{Elliott-French_Cahn-Hilliard-FEM_1989,
	title={A nonconforming finite-element method for the two-dimensional {Cahn}--{Hilliard} equation},
	author={Elliott, Charles M and French, Donald A},
	journal={SIAM Journal on Numerical Analysis},
	volume={26},
	number={4},
	pages={884--903},
	year={1989},
	publisher={SIAM},
	doi={10.1137/0726049}
}

@article{Elliott-Garcke_ChanHilliard_1996,
	title={On the {Cahn}--{Hilliard} equation with degenerate mobility},
	author={Elliott, Charles M and Garcke, Harald},
	journal={SIAM Journal on Mathematical Analysis},
	volume={27},
	number={2},
	pages={404--423},
	year={1996},
	publisher={SIAM},
	doi={10.1137/S0036141094267662}
}

@article{Choo-Lee_2005discontinuous,
	title={A discontinuous Galerkin method for the {Cahn}-{Hilliard} equation},
	author={Choo, SM and Lee, YJ},
	journal={Journal of Applied Mathematics and Computing},
	volume={18},
	number={1},
	pages={113--126},
	year={2005},
	publisher={Springer}
}

@article{Aristotelous-Karakashian-Wise_2015_CH-DG,
	title={Adaptive, second-order in time, primitive-variable discontinuous Galerkin schemes for a {Cahn}--{Hilliard} equation with a mass source},
	author={Aristotelous, Andreas C and Karakashian, Ohannes A and Wise, Steven M},
	journal={IMA Journal of Numerical Analysis},
	volume={35},
	number={3},
	pages={1167--1198},
	year={2015},
	doi={10.1093/imanum/dru035},
	publisher={OUP}
}

@article{Wells_Cahn-Hilliard-DG_2006,
	title={A discontinuous Galerkin method for the {Cahn}--{Hilliard} equation},
	author={Wells, Garth N and Kuhl, Ellen and Garikipati, Krishna},
	journal={Journal of Computational Physics},
	volume={218},
	number={2},
	pages={860--877},
	year={2006},
	publisher={Elsevier},
	doi={10.1016/j.jcp.2006.03.010}
}

@article{Liu-Yin_2021_Cahn-Hilliard-DG,
	title={Unconditionally energy stable discontinuous Galerkin schemes for the {Cahn}--{Hilliard} equation},
	author={Liu, Hailiang and Yin, Peimeng},
	journal={Journal of Computational and Applied Mathematics},
	volume={390},
  pages={113375},
	year={2021},
	publisher={Elsevier},
	doi={10.1016/j.cam.2020.113375}
}

@article{elliott1996cahn,
	title={On the {Cahn}--{Hilliard} equation with degenerate mobility},
	author={Elliott, Charles M and Garcke, Harald},
	journal={Siam journal on mathematical analysis},
	volume={27},
	number={2},
	pages={404--423},
	year={1996},
	publisher={SIAM}
}

@article{Barrett-Blowey-Garcke_1999_CH,
	title={Finite element approximation of the {Cahn}--{Hilliard} equation with degenerate mobility},
	author={Barrett, John W and Blowey, James F and Garcke, Harald},
	journal={SIAM Journal on Numerical Analysis},
	volume={37},
	number={1},
	pages={286--318},
	year={1999},
	publisher={SIAM},
	doi={10.1137/S0036142997331669}
}

@article{xia_xu_shu_2009_LDG_CH,
	title = {Application of the {Local} {Discontinuous} {Galerkin} {Method} for the {Allen}-{Cahn}/{Cahn}-{Hilliard} {System}},
	abstract = {In this paper, we consider the application of the local discontinuous Galerkin method for the Allen-Cahn/Cahn-Hilliard system. The method in this paper extends the local discontinuous Galerkin method in [10] to the more general application system which is coupled with the Allen-Cahn and Cahn-Hilliard equations. Similar energy stability result as that in [10] is presented. Numerical results for the nonlinear problems which include the Allen-Cahn/Cahn-Hilliard system for one-dimensional and two-dimensional cases demonstrate the accuracy and capability of the numerical method.},
	journal = {Commun. Comput. Phys.},
	author = {Xia, Yinhua and Xu, Yan and Shu, Chi-Wang},
	year = {2009},
	pages = {15},
	file = {Xia et al. - 2009 - Application of the Local Discontinuous Galerkin Me.pdf:/Users/daniel/Zotero/storage/ZQEFWW3S/Xia et al. - 2009 - Application of the Local Discontinuous Galerkin Me.pdf:application/pdf},
}

@article{xia_xu_etal_2007_LDG_CH,
	title={Local discontinuous Galerkin methods for the Cahn--Hilliard type equations},
	author={Xia, Yinhua and Xu, Yan and Shu, Chi-Wang},
	journal={Journal of Computational Physics},
	volume={227},
	number={1},
	pages={472--491},
	year={2007},
	publisher={Elsevier},
	doi={10.1016/j.jcp.2007.08.001}
}

@article{Miranville_2017_CH,
	title={The {C}ahn--{H}illiard equation and some of its variants},
	author={Miranville, Alain},
	journal={AIMS Mathematics},
	volume={2},
	number={3},
	pages={479--544},
	year={2017},
	doi={10.3934/Math.2017.2.479}
}

@article{frank_bound-preserving_2020,
	title = {Bound-preserving flux limiting schemes for {DG} discretizations of conservation laws with applications to the {Cahn}--{Hilliard} equation},
	volume = {359},
	journal = {Computer Methods in Applied Mechanics and Engineering},
	author = {Frank, Florian and Rupp, Andreas and Kuzmin, Dmitri},
	year = {2020},
	pages = {112665},
	doi={10.1016/j.cma.2019.112665}
}

@article{eyre_1998_unconditionally,
	title={An unconditionally stable one-step scheme for gradient systems},
	author={Eyre, David J},
	journal={Unpublished article},
	year={1998},
	publisher={Citeseer},
	url={https://citeseerx.ist.psu.edu/document?repid=rep1&type=pdf&doi=4f016a98fe25bfc06b9bcab3d85eeaa47d3ad3ca}
}


@article{boyer2017ddfv,
  title={A {DDFV} method for a {C}ahn-{H}illiard/{S}tokes phase field model with dynamic boundary conditions},
  author={Boyer, Franck and Nabet, Flore},
  journal={ESAIM: Mathematical Modelling and Numerical Analysis},
  volume={51},
  number={5},
  pages={1691--1731},
  year={2017},
  publisher={EDP Sciences},
  doi={10.1051/m2an/2016073}
}

@article{chen2016efficient,
  title={Efficient, adaptive energy stable schemes for the incompressible {C}ahn--{H}illiard {N}avier--{S}tokes phase-field models},
  author={Chen, Ying and Shen, Jie},
  journal={Journal of Computational Physics},
  volume=308,
  pages={40--56},
  year=2016,
  publisher={Elsevier},
  doi={10.1016/j.jcp.2015.12.006}
}

@article{guo2017mass,
  title={Mass conservative and energy stable finite difference methods for the quasi-incompressible {N}avier--{S}tokes--{C}ahn--{H}illiard system: {P}rimitive variable and projection-type schemes},
  author={Guo, Zhenlin and Lin, Ping and Lowengrub, John and Wise, Steven M},
  journal={Computer Methods in Applied Mechanics and Engineering},
  volume={326},
  pages={144--174},
  year={2017},
  publisher={Elsevier},
  doi={10.1016/j.cma.2017.08.011}
}

@article{chen2019positivity,
  title={Positivity-preserving, energy stable numerical schemes for the Cahn-Hilliard equation with logarithmic potential},
  author={Chen, Wenbin and Wang, Cheng and Wang, Xiaoming and Wise, Steven M},
  journal={Journal of Computational Physics: X},
  volume={3},
  pages={100031},
  year={2019},
  publisher={Elsevier},
  doi={10.1016/j.jcpx.2019.100031}
}

@book{pironneau1989finite,
	title={Finite element methods for fluids},
	author={Pironneau, Olivier},
	year={1989},
	publisher={Wiley},
	isbn={978-0471922551}
}

@article{shen_unconditionally_2020,
	title = {Unconditionally {Bound} {Preserving} and {Energy} {Dissipative} {Schemes} for a {Class} of {Keller}--{Segel} {Equations}},
	volume = {58},
	doi = {10.1137/19M1246705},
	number = {3},
	journal = {SIAM Journal on Numerical Analysis},
	author = {Shen, Jie and Xu, Jie},
	year = {2020},
	pages = {1674--1695},
	file = {Shen y Xu - 2020 - Unconditionally Bound Preserving and Energy Dissip.pdf:/home/danielacos/Zotero/storage/YDJJBRZR/Shen y Xu - 2020 - Unconditionally Bound Preserving and Energy Dissip.pdf:application/pdf},
}

@article{huang_bound_preserving,
	author = {Huang, Fukeng and Shen, Jie},
	title = {{Bound}/{Positivity} {Preserving} and {Energy} {Stable} {Scalar} auxiliary {Variable} {Schemes} for {Dissipative} {Systems}: {Applications} to {Keller}--{Segel} and {Poisson}--{Nernst}--{Planck} {Equations}},
	journal = {SIAM Journal on Scientific Computing},
	volume = {43},
	number = {3},
	pages = {A1832-A1857},
	year = {2021},
	doi = {10.1137/20M1365417},
	abstract = { We propose a new method to construct high-order, linear, positivity/bound preserving and unconditionally energy stable schemes for general dissipative systems whose solutions are positivity/bound preserving. The method is based on applying a new scalar auxiliary variable approach to the transformed system with a suitable function transform. The resulting schemes enjoy remarkable properties such as being positivity/bound preserving and unconditionally energy stable and able to achieve high-order and with computational complexity similar to a semi-implicit scheme. We apply this approach to Keller--Segel and Poisson--Nernst--Planck equations and construct efficient numerical schemes which, in addition to being positivity/bound preserving and energy dissipative, also conserve mass. Ample numerical results are presented to validate our theoretical claims. }
}

@article{li_local_2017,
	title = {Local {Discontinuous} {Galerkin} {Method} for the {Keller}-{Segel} {Chemotaxis} {Model}},
	volume = {73},
	doi = {10.1007/s10915-016-0354-y},
	abstract = {In this paper, we apply the local discontinuous Galerkin (LDG) method to 2D Keller–Segel (KS) chemotaxis model. We improve the results upon (Epshteyn and Kurganov in SIAM J Numer Anal, 47:368–408, 2008) and give optimal rate of convergence under special ﬁnite element spaces before the blow-up occurs (the exact solutions are smooth). Moreover, to construct physically relevant numerical approximations, we consider P1 LDG scheme and develop a positivity-preserving limiter to the scheme, extending the idea in Zhang and Shu (J Comput Phys, 229:8918–8934, 2010). With this limiter, we can prove the L1stability of the numerical scheme. Numerical experiments are performed to demonstrate the good performance of the positivity-preserving LDG scheme. Moreover, it is known that the chemotaxis model will yield blow-up solutions under certain initial conditions. We numerically demonstrate how to ﬁnd the approximate blow-up time by using the L2-norm of the L1-stable numerical solution.},
	number = {2-3},
	journal = {Journal of Scientific Computing},
	author = {Li, Xingjie Helen and Shu, Chi-Wang and Yang, Yang},
	year = {2017},
	pages = {943--967},
	file = {Li et al. - 2017 - Local Discontinuous Galerkin Method for the Keller.pdf:/home/danielacos/Zotero/storage/P7WZSVDP/Li et al. - 2017 - Local Discontinuous Galerkin Method for the Keller.pdf:application/pdf},
}

@article{guo_energy_2019,
	title = {Energy {Dissipative} {Local} {Discontinuous} {Galerkin} {Methods} for {Keller}–{Segel} {Chemotaxis} {Model}},
	volume = {78},
	doi = {10.1007/s10915-018-0813-8},
	abstract = {In this paper, we apply the local discontinuous Galerkin (LDG) method to solve the classical Keller-Segel (KS) chemotaxis model. The exact solution of the KS chemotaxis model may exhibit blow-up patterns with certain initial conditions, and is not easy to approximate numerically. Moreover, it has been proved that there exists a deﬁnition of free energy of the KS system which dissipates with respect to time. We will construct a consistent numerical energy and prove the energy dissipation with the LDG discretization. Several numerical experiments in one and two space dimensions will be given. Especially, for solutions with blow-up (converge to Dirac delta functions), the densities of KS model are computed to be strictly positive in the numerical experiments and the energies are also numerically observed to be strictly positive and decreasing as are seen in the ﬁgures. Therefore, the scheme is stable for the KS model with blow-up solutions.},
	number = {3},
	journal = {Journal of Scientific Computing},
	author = {Guo, Li and Li, Xingjie Helen and Yang, Yang},
	year = {2019},
	pages = {1387--1404},
	file = {Guo et al. - 2019 - Energy Dissipative Local Discontinuous Galerkin Me.pdf:/home/danielacos/Zotero/storage/79WSNKHF/Guo et al. - 2019 - Energy Dissipative Local Discontinuous Galerkin Me.pdf:application/pdf},
}

@inproceedings{viglialoro_explicit_2015,
	title = {On explicit lower bounds and blow-up times in a model of chemotaxis},
	isbn = {978-1-60133-018-5},
	doi = {10.3934/proc.2015.0409},
	abstract = {This paper is concerned with a parabolic Keller-Segel system in Rn, with n = 2 or 3, under Neumann boundary conditions. First, important theoretical and general results dealing with lower bounds for blow-up time estimates are summarized and analyzed. Next, a resolution method is proposed and used to both compute the real blow-up times of such unbounded solutions and analyze and discuss some of their properties.},
	booktitle = {Dynamical {Systems} and {Differential} {Equations}, {AIMS} {Proceedings} 2015 {Proceedings} of the 10th {AIMS} {International} {Conference} ({Madrid}, {Spain})},
	publisher = {American Institute of Mathematical Sciences},
	author = {Viglialoro, Giuseppe and Marras, Monica and Farina, Maria Antonietta},
	month = nov,
	year = {2015},
	pages = {409--417},
	file = {Viglialoro et al. - 2015 - On explicit lower bounds and blow-up times in a mo.pdf:/home/danielacos/Zotero/storage/SIK6CD6Q/Viglialoro et al. - 2015 - On explicit lower bounds and blow-up times in a mo.pdf:application/pdf},
}

@article{chertock_second-order_2008,
	title = {A second-order positivity preserving central-upwind scheme for chemotaxis and haptotaxis models},
	volume = {111},
	number={2},
	doi = {10.1007/s00211-008-0188-0},
	journal = {Numerische Mathematik},
	author = {Chertock, Alina and Kurganov, Alexander},
	year = {2008},
	pages = {169--205},
}

@article{zhou_finite_2017,
	title = {Finite volume methods for a {Keller}–{Segel} system: discrete energy, error estimates and numerical blow-up analysis},
	volume = {135},
	doi = {10.1007/s00211-016-0793-2},
	abstract = {We consider the ﬁnite volume approximation for a non-linear parabolicelliptic system, which describes the aggregation of slime molds resulting from their chemotactic features, called a simpliﬁed Keller–Segel system. First, we present a linear ﬁnite volume scheme that satisﬁes both positivity and mass conservations, which are important features of the original system. We derive some inequalities on the discrete free energy. Then, under some assumptions on the regularity of solution, admissible mesh and a priori estimates of the discrete solution, we establish error estimates in L p norm with a suitable p {\textgreater} 2 for the two dimensional case. In the last part of this paper, we restrict our attention to the radially symmetric solution of chemotaxis system, and we derive some inequalities concerned with the blow-up phenomenon of numerical solution. Several numerical experiments are presented to verify the theoretical results.},
	number = {1},
	journal = {Numerische Mathematik},
	author = {Zhou, Guanyu and Saito, Norikazu},
	month = jan,
	year = {2017},
	pages = {265--311},
	file = {Zhou y Saito - 2017 - Finite volume methods for a Keller–Segel system d.pdf:/home/danielacos/Zotero/storage/BU4UF8GC/Zhou y Saito - 2017 - Finite volume methods for a Keller–Segel system d.pdf:application/pdf},
}

@article{ciarlet_maximum_1973,
	title = {Maximum principle and uniform convergence for the finite element method},
	volume = {2},
	doi = {10.1016/0045-7825(73)90019-4},
	number = {1},
	journal = {Computer Methods in Applied Mechanics and Engineering},
	author = {Ciarlet, P.G and Raviart, P.A},
	year = {1973},
	pages = {17--31},
	file = {Ciarlet-Raviart - Maximum principle and uniform convergence for FEM.pdf:/home/danielacos/Zotero/storage/FFYJGK77/Ciarlet-Raviart - Maximum principle and uniform convergence for FEM.pdf:application/pdf},
}

@article{fernandez-romero_theoretical_2021,
	title = {Theoretical and numerical analysis for a hybrid tumor model with diffusion depending on vasculature},
	volume = {503},
	doi = {10.1016/j.jmaa.2021.125325},
	number = {2},
	journal = {Journal of Mathematical Analysis and Applications},
	author = {Fernández-Romero, A. and Guillén-González, F. and Suárez, A.},
	year = {2021},
	pages = {125325},
}

@article{acosta-soba_upwind_2022,
	title = {An upwind {DG} scheme preserving the maximum principle for the convective {Cahn}--{Hilliard} model},
	doi = {10.1007/s11075-022-01355-2},
	abstract = {The design of numerical approximations of the Cahn-Hilliard model preserving the maximum principle is a challenging problem, even more if considering additional transport terms. In this work, we present a new upwind discontinuous Galerkin scheme for the convective Cahn-Hilliard model with degenerate mobility which preserves the maximum principle and prevents non-physical spurious oscillations. Furthermore, we show some numerical experiments in agreement with the previous theoretical results. Finally, numerical comparisons with other schemes found in the literature are also carried out.},
	journal = {Numerical Algorithms},
	author = {Acosta-Soba, Daniel and Guillén-González, Francisco and Rodríguez-Galván, J. Rafael},
	year = {2022},
	volume = 92,
	number = 3,
	pages = {1589--1619},
	file = {Acosta-Soba et al. - 2022 - An upwind DG scheme preserving the maximum princip.pdf:/Users/daniel/Zotero/storage/ZED6ERZE/Acosta-Soba et al. - 2022 - An upwind DG scheme preserving the maximum princip.pdf:application/pdf},
}

@article{saito_conservative_2007,
	title = {Conservative upwind finite-element method for a simplified {Keller}–{Segel} system modelling chemotaxis},
	volume = {27},
	doi = {10.1093/imanum/drl018},
	number = {2},
	journal = {IMA Journal of Numerical Analysis},
	author = {Saito, Norikazu},
	year = {2007},
	pages = {332--365},
	file = {Saito - 2007 - Conservative upwind finite-element method for a si.pdf:/Users/daniel/Zotero/storage/SZQQ7E93/Saito - 2007 - Conservative upwind finite-element method for a si.pdf:application/pdf},
}

@article{andreianov_finite_2011,
	title = {Finite volume methods for degenerate chemotaxis model},
	volume = {235},
	doi = {10.1016/j.cam.2011.02.023},
	abstract = {A finite volume method for solving the degenerate chemotaxis model is presented, along with numerical examples. This model consists of a degenerate parabolic convection–diffusion PDE for the density of the cell-population coupled to a parabolic PDE for the chemoattractant concentration. It is shown that discrete solutions exist, and the scheme converges.},
	number = {14},
	journal = {Journal of Computational and Applied Mathematics},
	author = {Andreianov, Boris and Bendahmane, Mostafa and Saad, Mazen},
	year = {2011},
	pages = {4015--4031},
	file = {Andreianov et al. - 2011 - Finite volume methods for degenerate chemotaxis mo.pdf:/Users/daniel/Zotero/storage/WF872VKR/Andreianov et al. - 2011 - Finite volume methods for degenerate chemotaxis mo.pdf:application/pdf},
}

@article{chamoun_monotone_2014,
	title = {Monotone combined edge finite volume-finite element scheme for {Anisotropic} {Keller}--{Segel} model},
	volume = {30},
	doi = {10.1002/num.21858},
	number = {3},
	journal = {Numerical Methods for Partial Differential Equations},
	author = {Chamoun, Georges and Saad, Mazen and Talhouk, Raafat},
	year = {2014},
	pages = {1030--1065},
	file = {Chamoun et al. - 2014 - Monotone combined edge finite volume-finite elemen.pdf:/Users/daniel/Zotero/storage/DDLMDFDH/Chamoun et al. - 2014 - Monotone combined edge finite volume-finite elemen.pdf:application/pdf},
}

@article{fatkullin_study_2013,
	title = {A study of blow-ups in the {Keller}--{Segel} model of chemotaxis},
	volume = {26},
	doi = {10.1088/0951-7715/26/1/81},
	abstract = {We study the Keller–Segel model of chemotaxis and develop a composite particle-grid numerical method with adaptive time stepping which allows us to resolve and propagate singular solutions. We compare the numerical ﬁndings (in two dimensions) with analytical predictions regarding formation and interaction of singularities obtained through analysis of the stochastic differential equations associated with the model.},
	number = {1},
	journal = {Nonlinearity},
	author = {Fatkullin, Ibrahim},
	year = {2013},
	pages = {81--94}
}

@article{tyson_fractional_2000,
	title = {Fractional step methods applied to a chemotaxis model},
	volume = {41},
	doi = {10.1007/s002850000038},
	journal = {Journal of Mathematical Biology},
	author = {Tyson, Rebecca and Stern, L.G. and LeVeque, Randall J.},
	year = {2000},
	pages = {455--475},
	file = {Tyson et al - Fractional Step Methods applied to chemotaxis.pdf:/Users/daniel/Zotero/storage/GNJGW5ZF/Tyson et al - Fractional Step Methods applied to chemotaxis.pdf:application/pdf},
}

@article{keller_segel_1971,
	title = {Model for chemotaxis},
	volume = {30},
	doi = {10.1016/0022-5193(71)90050-6},
	number = {2},
	journal = {Journal of Theoretical Biology},
	author = {Keller, Evelyn F. and Segel, Lee A.},
	year = {1971},
	pages = {225--234},
}

@article{keller_segel_1970,
	title = {Initiation of slime mold aggregation viewed as an instability},
	volume = {26},
	doi = {10.1016/0022-5193(70)90092-5},
	number = {3},
	journal = {Journal of Theoretical Biology},
	author = {Keller, Evelyn F. and Segel, Lee A.},
	year = {1970},
	pages = {399--415},
}

@article{nagai1997application,
	title={Application of the {Trudinger}--{Moser} inequality to a parabolic system of chemotaxis},
	author={Nagai, Toshitaka and Senba, Takasi and Yoshida, Kiyoshi},
	journal={Funkc. Ekvacioj},
	volume={40},
	pages={411--433},
	year={1997},
	url={http://fe.math.kobe-u.ac.jp/FE/work/fesi-40-03-05.xml}
}

@article{bellomo2015toward,
	title={Toward a mathematical theory of {Keller}--{Segel} models of pattern formation in biological tissues},
	author={Bellomo, Nicola and Bellouquid, Abdelghani and Tao, Youshan and Winkler, Michael},
	doi = {10.1142/S021820251550044X},
	journal={Mathematical Models and Methods in Applied Sciences},
	volume={25},
	number={09},
	pages={1663--1763},
	year={2015},
	publisher={World Scientific}
}

@article{herrero1997blow,
	title={A blow-up mechanism for a chemotaxis model},
	author={Herrero, Miguel A and Vel{\'a}zquez, Juan JL},
	journal={Annali della Scuola Normale Superiore di Pisa - Classe di Scienze},
	volume={24},
	number={4},
	pages={633--683},
	year={1997},
	publisher = {Scuola normale superiore},
	url = {https://eudml.org/doc/84273}
}

@article{horstmann2001blow,
	title={Blow-up in a chemotaxis model without symmetry assumptions},
	author={Horstmann, Dirk and Wang, Guofang},
	journal={European Journal of Applied Mathematics},
	volume={12},
	number={2},
	pages={159--177},
	year={2001},
	publisher={Cambridge University Press},
	doi={10.1017/S0956792501004363}
}

@article{winkler2010aggregation,
	title={Aggregation vs. global diffusive behavior in the higher-dimensional {Keller}--{Segel} model},
	author={Winkler, Michael},
	journal={Journal of Differential Equations},
	volume={248},
	number={12},
	pages={2889--2905},
	year={2010},
	publisher={Elsevier},
	doi={10.1016/j.jde.2010.02.008}
}

@article{saad2014efficacy,
	title={On the efficacy of a control volume finite element method for the capture of patterns for a volume-filling chemotaxis model},
	author={Ibrahim, Moustafa and Saad, Mazen},
	journal={Computers \& Mathematics with Applications},
	volume={68},
	number={9},
	pages={1032--1051},
	year={2014},
	publisher={Elsevier},
	doi={10.1016/j.camwa.2014.03.010}
}

@article{epshteyn-kurganov_2009new,
	title={New {Interior} {Penalty} {Discontinuous} {Galerkin} {Methods} for the {Keller}--{Segel} {Chemotaxis} {Model}},
	author={Epshteyn, Yekaterina and Kurganov, Alexander},
	journal={SIAM Journal on Numerical Analysis},
	volume={47},
	number={1},
	pages={386--408},
	year={2009},
	publisher={SIAM},
	doi={10.1137/07070423X}
}

@article{epshteyn2009discontinuous,
	title={Discontinuous {Galerkin} methods for the chemotaxis and haptotaxis models},
	author={Epshteyn, Yekaterina},
	journal={Journal of Computational and Applied Mathematics},
	volume={224},
	number={1},
	pages={168--181},
	year={2009},
	publisher={Elsevier},
	doi={10.1016/j.cam.2008.04.030}
}

@article{zhang2016operator-split-DG,
	title={Operator splitting combined with positivity-preserving discontinuous {Galerkin} method for the chemotaxis model},
	author={Zhang, Rongpei and Zhu, Jiang and Loula, Abimael FD and Yu, Xijun},
	journal={Journal of Computational and Applied Mathematics},
	volume={302},
	pages={312--326},
	year={2016},
	publisher={Elsevier},
	doi={10.1016/j.cam.2016.02.018}
}

@article{tello2007chemotaxis-logistic,
	title={A {Chemotaxis} {System} with {Logistic} {Source}},
	author={Tello, J Ignacio and Winkler, Michael},
	journal={Communications in Partial Differential Equations},
	volume={32},
	number={6},
	pages={849--877},
	year={2007},
	publisher={Taylor \& Francis},
	doi={10.1080/03605300701319003}
}

@article{tao2012global,
	title={Global existence and boundedness in a {Keller}--{Segel}--{Stokes} model with arbitrary porous medium diffusion},
	author={Tao, Youshan and Winkler, Michael},
	journal={Discrete \& Continuous Dynamical Systems},
	volume={32},
	number={5},
	pages={1901--1914},
	year={2012},
	publisher={American Institute of Mathematical Sciences},
	doi={10.3934/dcds.2012.32.1901}
}

@article{winkler2012global-NS,
	title={Global large-data solutions in a chemotaxis-({Navier}--){Stokes} system modeling cellular swimming in fluid drops},
	author={Winkler, Michael},
	journal={Communications in Partial Differential Equations},
	volume={37},
	number={2},
	pages={319--351},
	year={2012},
	publisher={Taylor \& Francis},
	doi={10.1080/03605302.2011.591865}
}


@article{chen2021uniquenessKS-NS,
	title = {Uniqueness of weak solutions to a {Keller}-{Segel}-{Navier}-{Stokes} model with a logistic source},
	volume = {67},
	doi = {10.21136/AM.2021.0069-20},
	number = {1},
	journal = {Applications of Mathematics},
	author = {Chen, Miaochao and Lu, Shengqi and Liu, Qilin},
	year = {2022},
	pages = {93--101},
}

@article{frassu2021improvements,
	title={Improvements and generalizations of results concerning attraction-repulsion chemotaxis models},
	author={Frassu, Silvia and Li, Tongxing and Viglialoro, Giuseppe},
	journal={Mathematical Methods in the Applied Sciences},
	year={2022},
	publisher={Wiley Online Library},
	doi={10.1002/mma.8437},
	volume={45},
	number={17},
	pages={11067--11078}
}

@article{chen_error_2022,
	author = {Chen, Wenbin and Liu, Qianqian and Shen, Jie},
	title = {{Error} {Estimates} and {Blow}-{Up} {Analysis} of a {Finite}--{Element} {Approximation} for the {Parabolic}--{Elliptic} {Keller}--{Segel} {System}},
	journal = {International Journal of Numerical Analysis and Modeling},
	year = {2022},
	volume = {19},
	number = {2-3},
	pages = {275--298},
	abstract = {
	The Keller-Segel equations are widely used for describing chemotaxis in biology.
	Recently, a new fully discrete scheme for this model was proposed in [46], mass conservation,
	positivity and energy decay were proved for the proposed scheme, which are important properties
	of the original system. In this paper, we establish the error estimates of this scheme. Then, based
	on the error estimates, we derive the finite-time blowup of nonradial numerical solutions under
	some conditions on the mass and the moment of the initial data.
	},
	url = {http://global-sci.org/intro/article_detail/ijnam/20481.html},
	publisher = {Global Science Press}
}

@article{gutierrez-santacreu_analysis_2021,
	title = {Analysis of a fully discrete approximation for the classical {Keller}--{Segel} model: {Lower} and a priori bounds},
	volume = {85},
	doi = {10.1016/j.camwa.2021.01.009},
	abstract = {This paper is devoted to constructing approximate solutions for the classical Keller–Segel model governing chemotaxis. It consists of a system of nonlinear parabolic equations, where the unknowns are the average density of cells (or organisms), which is a conserved variable, and the average density of chemoattractant.},
	journal = {Computers \& Mathematics with Applications},
	author = {Gutiérrez-Santacreu, Juan Vicente and Rodríguez-Galván, José Rafael},
	year = {2021},
	pages = {69--81},
	file = {Gutiérrez-Santacreu y Rodríguez-Galván - 2021 - Analysis of a fully discrete approximation for the.pdf:/Users/daniel/Zotero/storage/ANK2FIJB/Gutiérrez-Santacreu y Rodríguez-Galván - 2021 - Analysis of a fully discrete approximation for the.pdf:application/pdf},
}


@article{badia2023bound,
  title={Bound-preserving finite element approximations of the {Keller}--{Segel} equations},
  author={Badia, Santiago and Bonilla, Jes{\'u}s and Guti{\'e}rrez-Santacreu, Juan Vicente},
  journal={Mathematical Models and Methods in Applied Sciences},
  volume={33},
  number={03},
  pages={609--642},
  year={2023},
  publisher={World Scientific},
  doi={10.1142/S0218202523500148}
}


@incollection{griebel_discontinuous_2000,
	title = {Discontinuous {Galerkin} {Methods} for {Elliptic} {Problems}},
	volume = {11},
	abstract = {We provide a common framework for the understanding, comparison, and analysis of several discontinuous Galerkin methods that have been proposed for the numerical treatment of elliptic problems. This class includes the recently introduced methods of Bassi and Rebay (together with the variants proposed by Brezzi, Manzini, Marini, Pietra and Russo), the local discontinuous Galerkin methods of Cockburn and Shu, and the method of Baumann and Oden. It also includes the so-called interior penalty methods developed some time ago by Douglas and Dupont, Wheeler, Baker, and Arnold among others.},
	booktitle = {Discontinuous {Galerkin} {Methods}},
	publisher = {Springer Berlin Heidelberg},
	author = {Arnold, Douglas N. and Brezzi, Franco and Cockburn, Bernardo and Marini, Donatella},
	editor = {Griebel, M. and Keyes, D. E. and Nieminen, R. M. and Roose, D. and Schlick, T. and Cockburn, Bernardo and Karniadakis, George E. and Shu, Chi-Wang},
	year = {2000},
	doi = {10.1007/978-3-642-59721-3_5},
	pages = {89--101},
	file = {Arnold et al. - 2000 - Discontinuous Galerkin Methods for Elliptic Proble.pdf:/home/danielacos/Zotero/storage/V49LNWIK/Arnold et al. - 2000 - Discontinuous Galerkin Methods for Elliptic Proble.pdf:application/pdf},
}

@book{brenner_mathematical_2008,
	series = {Texts in {Applied} {Mathematics}},
	title = {The {Mathematical} {Theory} of {Finite} {Element} {Methods}},
	number = {15},
	publisher = {Springer},
	author = {Brenner, Susanne C. and Scott, L. Ridgway},
	year = {2008},
	keywords = {Numerical solutions, Finite element method, Boundary value problems, Mathematics},
	file = {Brenner y Scott - 2008 - The mathematical theory of finite element methods.pdf:/home/danielacos/Zotero/storage/8RQVJSWH/Brenner y Scott - 2008 - The mathematical theory of finite element methods.pdf:application/pdf},
	doi = {10.1007/978-0-387-75934-0}
}

@book{ern_theory_2010,
	series = {Applied mathematical sciences},
	title = {Theory and {Practice} of {Finite} {Elements}},
	number = {159},
	publisher = {Springer},
	author = {Ern, Alexandre and Guermond, Jean-Luc},
	year = {2004},
	file = {Ern y Guermond - 2010 - Theory and practice of finite elements.pdf:/home/danielacos/Zotero/storage/V7DPPAXR/Ern y Guermond - 2010 - Theory and practice of finite elements.pdf:application/pdf},
	doi = {10.1007/978-1-4757-4355-5}
}

@book{di_pietro_mathematical_2012,
	title = {Mathematical {Aspects} of {Discontinuous} {Galerkin} {Methods}},
	doi = {10.1007/978-3-642-22980-0},
	publisher = {Springer},
	author = {Di Pietro, Daniele Antonio and Ern, Alexandre},
	year = {2012},
	series={Math\'{e}matiques et Applications},
	number={69}
}

@book{riviere_discontinuous_2008,
	series = {Frontiers in applied mathematics},
	title = {Discontinuous {Galerkin} methods for solving elliptic and parabolic equations: theory and implementation},
	doi = {10.1137/1.9780898717440},
	publisher = {SIAM},
	author = {Rivière, Béatrice},
	year = {2008},
	keywords = {Numerical solutions, Galerkin methods, Differential equations, Elliptic, Differential equations, Parabolic},
	file = {Rivière - 2008 - Discontinuous Galerkin methods for solving ellipti.pdf:/home/danielacos/Zotero/storage/452AGWHH/Rivière - 2008 - Discontinuous Galerkin methods for solving ellipti.pdf:application/pdf},
}

@book{dolejsi_discontinuous_2015,
	series = {Springer {Series} in {Computational} {Mathematics}},
	title = {Discontinuous {Galerkin} {Method}},
	number = {48},
	publisher = {Springer},
	author = {Dolejší, Vít and Feistauer, Miloslav},
	year = {2015},
	doi = {10.1007/978-3-319-19267-3},
}

@book{leveque_2002,
	place={Cambridge},
	series={Cambridge Texts in Applied Mathematics},
	title={Finite Volume Methods for Hyperbolic Problems},
	doi={10.1017/CBO9780511791253},
	publisher={Cambridge University Press},
	author={LeVeque, Randall J.},
	year={2002},
	collection={Cambridge Texts in Applied Mathematics}}

@article{diaz1995symmetrization,
	title={Symmetrization in a parabolic-elliptic system related to chemotaxis},
	author={D\'iaz, Jes\'us Ildefonso and Nagai, T},
	journal={Advances in Mathematical Sciences and Applications},
	volume={5},
	number={2},
	pages={659--680},
	year={1995},
	publisher={GAKKOTOSHO CO., LTD.},
	url = {https://blogs.mat.ucm.es/jidiaz/wp-content/uploads/sites/31/2017/09/A_059.pdf}
}

@article{arumugam_keller-segel_2021,
	title = {Keller-{Segel} {Chemotaxis} {Models}: {A} {Review}},
	volume = {171},
	doi = {10.1007/s10440-020-00374-2},
	abstract = {We recount and discuss some of the most important methods and blow-up criteria for analyzing solutions of Keller-Segel chemotaxis models. First, we discuss the results concerning the global existence, boundedness and blow-up of solutions to parabolic-elliptic type models. Thereafter we describe the global existence, boundedness and blow-up of solutions to parabolic-parabolic models. The numerical analysis of these models is still at a rather early stage only. We recollect quite a few of the known results on numerical methods also and direct the attention to a number of open problems in this domain.},
	pages = {6},
	journal = {Acta Applicandae Mathematicae},
	author = {Arumugam, Gurusamy and Tyagi, Jagmohan},
	year = {2021},
	file = {Arumugam y Tyagi - 2021 - Keller-Segel Chemotaxis Models A Review.pdf:/Users/daniel/Zotero/storage/G7SSHCDU/Arumugam y Tyagi - 2021 - Keller-Segel Chemotaxis Models A Review.pdf:application/pdf},
}

@book{FEniCS:LoggMardalEtAl2012a,
	title = {Automated {Solution} of {Differential} {Equations} by the {Finite} {Element} {Method}},
	author = {Anders Logg and Kent-Andre Mardal and Garth N. Wells and others},
	year = {2012},
	publisher = {Springer},
	doi = {10.1007/978-3-642-23099-8},
	series={Lecture Notes in Computational Science and Engineering},
	number={84}
}

@article{Fenics:AlnaesEtAl:2015,
	title={The {FEniCS} {Project} {Version} 1.5},
	author={Aln{\ae}s, Martin and Blechta, Jan and Hake, Johan and
	Johansson, August and Kehlet, Benjamin and Logg,
	Anders and Richardson, Chris and Ring, Johannes and
	Rognes, Marie E and Wells, Garth N},
	journal={Archive of Numerical Software},
	volume={3},
	number={100},
	year={2015},
	doi = {10.11588/ans.2015.100.20553}
}

@incollection{paraview,
	title = {36 - {ParaView}: {An} {End}--{User} {Tool} for {Large}--{Data} {Visualization}},
	editor = {Charles D. Hansen and Chris R. Johnson},
	booktitle = {Visualization Handbook},
	publisher = {Elsevier},
	pages = {717-731},
	year = {2005},
	doi = {10.1016/B978-012387582-2/50038-1},
	author = {James Ahrens and Berk Geveci and Charles Law}
}

@article{blanchet_hybrid_2015,
	title = {A hybrid variational principle for the {Keller}--{Segel} system in {$\mathbb{R}^2$}},
	volume = {49},
	doi = {10.1051/m2an/2015021},
	number = {6},
	journal = {ESAIM: Mathematical Modelling and Numerical Analysis},
	author = {Blanchet, Adrien and Carrillo, José Antonio and Kinderlehrer, David and Kowalczyk, Michał and Laurençot, Philippe and Lisini, Stefano},
	year = {2015},
	pages = {1553--1576},
	file = {Texto completo:/Users/daniel/Zotero/storage/UZFHERA3/Blanchet et al. - 2015 - A hybrid variational principle for the Keller--Segel.pdf:application/pdf},
}

@book{ciarlet2002finite,
  title={The Finite Element Method for Elliptic Problems},
  author={Ciarlet, Philippe G.},
  year={2002},
  publisher={SIAM},
  doi={10.1137/1.9780898719208},
  series={Classics in Applied Mathematics}
}

@article{acosta-soba_KS_2022,
  title={An {Unconditionally} {Energy} {Stable} and {Positive} {Upwind} {DG} {Scheme} for the {Keller}--{Segel} {Model}},
  author={Acosta-Soba, Daniel and Guill{\'e}n-Gonz{\'a}lez, Francisco and Rodr{\'\i}guez-Galv{\'a}n, J Rafael},
  journal={Journal of Scientific Computing},
  volume={97},
  number={1},
  pages={18},
  year={2023},
  publisher={Springer},
  doi={10.1007/s10915-023-02320-4}
}

@article{ishida2023keller,
  title={A Keller-Segel type taxis model with ecological interpretation and boundedness due to gradient nonlinearities},
  author={Ishida, Sachiko and Lankeit, Johannes and Viglialoro, Giuseppe},
  journal={arXiv preprint},
  year={2023},
  doi={10.48550/arXiv.2306.12137}
}

@article{FrassuGalvanViglialoro,
 title={Uniform in time ${L}^{\infty}$-estimates for an attraction-repulsion chemotaxis system with double saturation},
  author={Silvia Frassu and Rafael {Rodr\'{i}guez Galv\'{a}n} and Giuseppe Viglialoro},
journal ={Discrete and Continuous Dynamical Systems - Series B},
volume={28},
  year={2023},
number = {3},
     pages = {1886--1904},
	 doi={10.3934/dcdsb.2022151}
}

@article{AlnaesEtal2014,
  title     = {Unified {Form} {Language}: {A} domain-specific language for weak formulations of partial differential equations},
  author    = {M. S. Alnaes and A. Logg and K. B. \O{}lgaard and M. E. Rognes and G. N. Wells},
  journal   = {{ACM} Transactions on Mathematical Software},
  year      = {2014},
  volume    = {40},
  number = {2},
  pages={1--37},
  doi       = {10.1145/2566630},
}

@article{ScroggsEtal2022,
author = {Scroggs, Matthew W. and Dokken, J\o{}rgen S. and Richardson, Chris N. and Wells, Garth N.},
title = {Construction of {Arbitrary} {Order} {Finite} {Element} {Degree}-of-{Freedom} {Maps} on {Polygonal} and {Polyhedral} {Cell} {Meshes}},
year = {2022},
issue_date = {June 2022},
publisher = {Association for Computing Machinery},
address = {New York, NY, USA},
volume = {48},
number = {2},
pages={18},
doi = {10.1145/3524456},
journal = {{ACM} Transactions on Mathematical Software},
articleno = {18},
numpages = {23}
}

@article{BasixJoss,
  title     = {Basix: a runtime finite element basis evaluation library},
  author    = {M. W. Scroggs and I. A. Baratta and C. N. Richardson and G. N. Wells},
  journal   = {Journal of Open Source Software},
  year      = {2022},
  volume    = {7},
  number    = {73},
  pages={3982},
  doi       = {10.21105/joss.03982},
}

@article{sullivan2019pyvista,
  doi = {10.21105/joss.01450},
  year = {2019},
  publisher = {The Open Journal},
  volume = {4},
  number = {37},
  pages = {1450},
  author = {C. Bane Sullivan and Alexander Kaszynski},
  title = {{PyVista}: {3D} plotting and mesh analysis through a streamlined interface for the {Visualization} {Toolkit} ({VTK})},
  journal = {Journal of Open Source Software}
}

@Article{Hunter:2007,
  Author    = {Hunter, J. D.},
  Title     = {Matplotlib: A 2D Graphics Environment},
  Journal   = {Computing in Science \& Engineering},
  Volume    = {9},
  Number    = {3},
  Pages     = {90--95},
  abstract  = {Matplotlib is a 2D graphics package used for Python for
  application development, interactive scripting, and publication-quality
  image generation across user interfaces and operating systems.},
  publisher = {IEEE COMPUTER SOC},
  doi       = {10.1109/MCSE.2007.55},
  year      = 2007
}

@article {Winkler_ZAMP-FiniteTimeLowDimension,
    author = {Winkler, Michael},
     title = {Finite-time blow-up in low-dimensional {K}eller--{S}egel systems with logistic-type superlinear degradation},
   journal = {Zeitschrift f\"{u}r Angewandte Mathematik und Physik},
    volume = {69},
      year = {2018},
    number = {2},
     pages = {40},
       doi = {10.1007/s00033-018-0935-8},
}

@article{ColumbuFrassuViglialoro2023,
author = {Columbu, Alessandro and Frassu, Silvia and Viglialoro, Giuseppe},
title = {Properties of given and detected unbounded solutions to a class of chemotaxis models},
journal = {Studies in Applied Mathematics},
volume={151},
number={4},
pages={1349--1379},
year = {2023},
doi = {10.1111/sapm.12627},
}

@article{acosta2022mathematical,
  title={Mathematical Modelling of Neuroblast Migration towards the Olfactory Bulb},
  author={Acosta-Soba, Daniel and Gonz{\'a}lez-Castro, Carmen and Geribaldi-Dold{\'a}n, Noelia and Guill{\'e}n-Gonz{\'a}lez, Francisco and N{\'u}nez-Abades, Pedro and Ortega-Rom{\'a}n, Noelia and P{\'e}rez-Garc{\'i}a, Patricia and Rodr{\'i}guez-Galv{\'a}n, J. Rafael},
  journal={To be submitted, arXiv preprint},
  year={2022},
  doi={10.48550/arXiv.2211.06166}
}

@article{kareiva1987swarms,
  title={Swarms of Predators Exhibit ``Preytaxis'' if Individual Predators Use Area-Restricted Search},
  author={Kareiva, Peter and Odell, Garrett},
  journal={The American Naturalist},
  volume={130},
  number={2},
  pages={233--270},
  year={1987},
  publisher={University of Chicago Press},
  doi={10.1086/284707}
}

@article{aida2006lower,
  title={Lower estimate of the attractor dimension for a chemotaxis growth system},
  author={Aida, Masashi and Tsujikawa, Tohru and Efendiev, Messoud and Yagi, Atsushi and Mimura, Masayasu},
  journal={Journal of the London Mathematical Society},
  volume={74},
  number={2},
  pages={453--474},
  year={2006},
  publisher={Cambridge University Press},
  doi={10.1112/S0024610706023015}
}

@article{mimura1996aggregating,
  title={Aggregating pattern dynamics in a chemotaxis model including growth},
  author={Mimura, Masayasu and Tsujikawa, Tohru},
  journal={Physica A: Statistical Mechanics and its Applications},
  volume={230},
  number={3-4},
  pages={499--543},
  year={1996},
  publisher={Elsevier},
  doi={10.1016/0378-4371(96)00051-9}
}

@article{souplet1996finite,
  title={Finite Time Blow-up for a Non-linear Parabolic Equation with a Gradient Term and Applications},
  author={Souplet, Philippe},
  journal={Mathematical methods in the applied sciences},
  volume={19},
  number={16},
  pages={1317--1333},
  year={1996},
  publisher={Wiley Online Library},
  doi={10.1002/(SICI)1099-1476(19961110)19:16%3C1317::AID-MMA835%3E3.0.CO;2-M}
}

@article{geipel2020predation,
  title={Predation risks of signalling and searching: bats prefer moving katydids},
  author={Geipel, Inga and Kernan, Ciara E and Litterer, Amber S and Carter, Gerald G and Page, Rachel A and Ter Hofstede, Hannah M},
  journal={Biology Letters},
  volume={16},
  number={4},
  pages={20190837},
  year={2020},
  publisher={The Royal Society},
  doi={10.1098/rsbl.2019.0837}
}

@article{visser2007motility,
  title={Motility of zooplankton: fitness, foraging and predation},
  author={Visser, Andr{\'e} W},
  journal={Journal of Plankton research},
  volume={29},
  number={5},
  pages={447--461},
  year={2007},
  publisher={Oxford University Press},
  doi={10.1093/plankt/fbm029}
}

@article{almeda2017behavior,
  title={Behavior is a major determinant of predation risk in zooplankton},
  author={Almeda, Rodrigo and van Someren Gr{\'e}ve, Hans and Ki{\o}rboe, Thomas},
  journal={Ecosphere},
  volume={8},
  number={2},
  pages={e01668},
  doi={10.1002/ecs2.1668},
  year={2017},
  publisher={Wiley Online Library}
}

@article{obernier_2019,
   author = {Obernier, K. and Alvarez-Buylla, A.},
   title = {Neural stem cells: origin, heterogeneity and regulation in the adult mammalian brain},
   journal = {Development},
   volume = {146},
   number = {4},
   DOI = {10.1242/dev.156059},
   year = {2019},
   type = {Journal Article},
   pages={dev156059}
}

@article{Codega_2014,
   author = {Codega, P. and Silva-Vargas, V. and Paul, A. and Maldonado-Soto, A. R. and Deleo, A. M. and Pastrana, E. and Doetsch, F.},
   title = {Prospective identification and purification of quiescent adult neural stem cells from their in vivo niche},
   journal = {Neuron},
   volume = {82},
   number = {3},
   pages = {545-59},
   DOI = {10.1016/j.neuron.2014.02.039},
   year = {2014},
   type = {Journal Article}
}

@article{Ponti_2013,
   author = {Ponti, G. and Obernier, K. and Alvarez-Buylla, A.},
   title = {Lineage progression from stem cells to new neurons in the adult brain ventricular-subventricular zone},
   journal = {Cell Cycle},
   volume = {12},
   number = {11},
   pages = {1649-1650},
   DOI = {10.4161/cc.24984},
   year = {2013},
   type = {Journal Article}
}

@article{Lazarini_2011,
   author = {Lazarini, F. and Lledo, P. M.},
   title = {Is adult neurogenesis essential for olfaction?},
   journal = {Trends in Neurosciences},
   volume = {34},
   number = {1},
   pages = {20--30},
   DOI = {10.1016/j.tins.2010.09.006},
   year = {2011},
   type = {Journal Article}
}

@article{Nam,
   author = {Nam, S. C. and Kim, Y. and Dryanovski, D. and Walker, A. and Goings, G. and Woolfrey, K. and Kang, S. S. and Chu, C. and Chenn, A. and Erdelyi, F. and Szabo, G. and Hockberger, P. and Szele, F. G.},
   title = {Dynamic features of postnatal subventricular zone cell motility: a two-photon time-lapse study},
   journal = {Journal of Comparative Neurology},
   volume = {505},
   number = {2},
   pages = {190-208},
   DOI = {10.1002/cne.21473},
   year = {2007},
   type = {Journal Article}
}

@article{Lois_and_Alvarez-buylla_1994,
   author = {Lois, C. and Alvarez-Buylla, A.},
   title = {Long-distance neuronal migration in the adult mammalian brain},
   journal = {Science},
   volume = {264},
   number = {5162},
   pages = {1145-1148},
   DOI = {10.1126/science.8178174},
   year = {1994},
   type = {Journal Article}
}

@article{Monyer_2012_migration_vessels,
   author = {Le Magueresse, C. and Alfonso, J. and Bark, C. and Eliava, M. and Khrulev, S. and Monyer, H.},
   title = {Subventricular zone-derived neuroblasts use vasculature as a scaffold to migrate radially to the cortex in neonatal mice},
   journal = {Cerebral Cortex},
   volume = {22},
   number = {10},
   pages = {2285--2296},
   DOI = {10.1093/cercor/bhr302},
   year = {2012},
   type = {Journal Article}
}

@article{Esteve_RMS_AD,
   author = {Esteve, D. and Molina-Navarro, M. M. and Giraldo, E. and Martinez-Varea, N. and Blanco-Gandia, M. C. and Rodriguez-Arias, M. and Garcia-Verdugo, J. M. and Vina, J. and Lloret, A.},
   title = {Adult Neural Stem Cell Migration Is Impaired in a Mouse Model of Alzheimer's Disease},
   journal = {Molecular Neurobiology},
   volume = {59},
   number = {2},
   pages = {1168-1182},
   DOI = {10.1007/s12035-021-02620-6},
   year = {2022},
   type = {Journal Article}
}

@article{Kohl_2010_migration_OB_huntington,
   author = {Kohl, Z. and Regensburger, M. and Aigner, R. and Kandasamy, M. and Winner, B. and Aigner, L. and Winkler, J.},
   title = {Impaired adult olfactory bulb neurogenesis in the R6/2 mouse model of Huntington's disease},
   journal = {BMC Neuroscience},
   volume = {11},
   pages={114},
   DOI = {10.1186/1471-2202-11-114},
   year = {2010},
   type = {Journal Article}
}

@article{Kandasamy_migration_huntington_rat,
   author = {Kandasamy, M. and Rosskopf, M. and Wagner, K. and Klein, B. and Couillard-Despres, S. and Reitsamer, H. A. and Stephan, M. and Nguyen, H. P. and Riess, O. and Bogdahn, U. and Winkler, J. and von Horsten, S. and Aigner, L.},
   title = {Reduction in subventricular zone-derived olfactory bulb neurogenesis in a rat model of Huntington's disease is accompanied by striatal invasion of neuroblasts},
   journal = {PLoS One},
   volume = {10},
   number = {2},
   pages={e0116069},
   DOI = {10.1371/journal.pone.0116069},
   year = {2015},
   type = {Journal Article}
}

@article{magavi_migration_cortex,
   author = {Magavi, S. S. and Leavitt, B. R. and Macklis, J. D.},
   title = {Induction of neurogenesis in the neocortex of adult mice},
   journal = {Nature},
   volume = {405},
   number = {6789},
   pages = {951-955},
   DOI = {10.1038/35016083},
   year = {2000},
   type = {Journal Article}
}

@article{Altman,
   author = {Altman, J.},
   title = {Autoradiographic and histological studies of postnatal neurogenesis. IV. Cell proliferation and migration in the anterior forebrain, with special reference to persisting neurogenesis in the olfactory bulb},
   journal = {J Comp Neurol},
   volume = {137},
   number = {4},
   pages = {433-57},
   DOI = {10.1002/cne.901370404},
   year = {1969},
   type = {Journal Article}
}

@article{Morshead,
   author = {Morshead, C. M. and van der Kooy, D.},
   title = {Postmitotic death is the fate of constitutively proliferating cells in the subependymal layer of the adult mouse brain},
   journal = {J Neurosci},
   volume = {12},
   number = {1},
   pages = {249-56},
   DOI = {10.1523/JNEUROSCI.12-01-00249.1992},
   year = {1992},
   type = {Journal Article}
}

@article{carleton_lledo_2003,
   author = {Carleton, A. and Petreanu, L. T. and Lansford, R. and Alvarez-Buylla, A. and Lledo, P. M.},
   title = {Becoming a new neuron in the adult olfactory bulb},
   journal = {Nature Neuroscience},
   volume = {6},
   number = {5},
   pages = {507-518},
   DOI = {10.1038/nn1048},
   year = {2003},
   type = {Journal Article}
}

@article{hawkins-daarud_numerical_2012,
	title = {Numerical simulation of a thermodynamically consistent four-species tumor growth model},
	volume = {28},
	shorttitle = {Numerical simulation of a thermodynamically consistent four-species tumor growth model},
	doi = {10.1002/cnm.1467},
	abstract = {In this paper, we develop a thermodynamically consistent four-species model of tumor growth based on the continuum theory of mixtures. Unique to this model is the incorporation of nutrient within the mixture as opposed to being modeled with an auxiliary reaction-diﬀusion equation. The formulation involves systems of highly nonlinear partial diﬀerential equations of surface eﬀects through diﬀuse-interface models. A mixed ﬁnite element spatial discretization is developed and implemented to provide numerical results demonstrating the range of solutions this model can produce. A time-stepping algorithm is then presented for this system which is shown to be ﬁrst order accurate and energy-gradient stable. The results of an array of numerical experiments are presented that demonstrate a wide range of solutions produced by various choices of model parameters.},
	number = {1},
	journal = {International Journal for Numerical Methods in Biomedical Engineering},
	author = {Hawkins-Daarud, Andrea and van der Zee, Kristoffer G. and Tinsley Oden, J.},
	year = {2012},
	pages = {3--24},
	file = {Hawkins-Daarud et al. - 2012 - Numerical simulation of a thermodynamically consis.pdf:/Users/daniel/Zotero/storage/5X93IWRQ/Hawkins-Daarud et al. - 2012 - Numerical simulation of a thermodynamically consis.pdf:application/pdf},
}

@article{lowengrub_et_al,
	title = {Nonlinear modelling of cancer: bridging the gap between cells and tumours},
	volume = {23},
	number = {1},
	journal = {Nonlinearity},
	author={Lowengrub, John S. and Frieboes, Hermann B. and Jin, Fang and Chuang, Yao-Li and Li, Xiangrong and Macklin, Paul and Wise, Steven M. and Cristini, Vittorio},
	year = {2010},
	pages = {R1--R91},
  doi = {10.1088/0951-7715/23/1/R01},
	file = {Lowengrub et al. - 2010 - Nonlinear modelling of cancer bridging the gap be.pdf:/Users/daniel/Zotero/storage/46D3STZM/Lowengrub et al. - 2010 - Nonlinear modelling of cancer bridging the gap be.pdf:application/pdf}
}

@book{cristini_lowengrub,
	title = {Multiscale {Modeling} of {Cancer}: {An} {Integrated} {Experimental} and {Mathematical} {Modeling} {Approach}},
	publisher = {Cambridge University Press},
	author = {Cristini, V. and Lowengrub, J.},
	year = {2010},
  	doi = {10.1017/CBO9780511781452},
	keywords = {Tumor modelling}
}

@article{chulian2022mathematical,
  title={Mathematical models of {Leukaemia} and its treatment: {A} review},
  author={Chuli{\'a}n, Salvador and Mart{\'\i}nez-Rubio, A and Rosa, Mar{\'\i}a and P{\'e}rez-Garc{\'\i}a, V{\'\i}ctor M},
  journal={SeMA Journal},
  volume={79},
  number={3},
  pages={441--486},
  year={2022},
  doi = {10.1007/s40324-022-00305-1},
  publisher={Springer}
}

@article{fernandez2022glioblastoma,
  title={A {Glioblastoma} {PDE}--{ODE} model including chemotaxis and vasculature},
  author={Fern{\'a}ndez-Romero, Antonio and Guill{\'e}n-Gonz{\'a}lez, Francisco and Su{\'a}rez, Antonio},
  journal={ESAIM: Mathematical Modelling and Numerical Analysis},
  volume={56},
  number={2},
  pages={407--431},
  year={2022},
  doi = {10.1051/m2an/2022012},
  publisher={EDP Sciences}
}

@article{mcdougall,
	title = {Mathematical modelling of dynamic adaptive tumour-induced angiogenesis: {Clinical} implications and therapeutic targeting strategies},
	volume = {241},
	number = {3},
	journal = {Journal of Theoretical Biology},
	author = {McDougall, S.R. and Anderson, A.R. and Chaplain, M.A.},
	year = {2006},
  doi = {10.1016/j.jtbi.2005.12.022},
	pages = {564--589}
}

@article{roose2007mathematical,
  title={Mathematical models of avascular tumor growth},
  author={Roose, Tiina and Chapman, S Jonathan and Maini, Philip K},
  journal={SIAM review},
  volume={49},
  number={2},
  pages={179--208},
  year={2007},
  doi = {10.1137/S0036144504446291},
  publisher={SIAM}
}

@article{garcke2020long,
  title={Long-time dynamics for a {Cahn}--{Hilliard} tumor growth model with chemotaxis},
  author={Garcke, Harald and Yayla, Sema},
  journal={Zeitschrift f{\"u}r angewandte Mathematik und Physik},
  volume={71},
  number={4},
  pages={123},
  year={2020},
  doi = {10.1007/s00033-020-01351-3},
  publisher={Springer}
}

@incollection{novick_cohen_cahn_hilliard,
	title = {Chapter 4 {The} {Cahn}--{Hilliard} {Equation}},
	editor = {Constantine M. Dafermos and Milan Pokorny},
	booktitle = {Handbook of Differential Equations: Evolutionary Equations},
	publisher = {Elsevier},
	volume = {4},
	pages = {201--228},
	year = {2008},
  doi = {10.1016/S1874-5717(08)00004-2},
	author = {Novick-Cohen, Amy},
}

@phdthesis{aristotelous,
	title = {Adaptive {Discontinuous} {Galerkin} {Finite} {Element} {Methods} for a {Diffuse} {Interface} {Model} of {Biological} {Growth}},
	author = {Aristotelous, Andreas C.},
	school = {University of Tennessee},
	year = {2011},
	url = {http://trace.tennessee.edu/utk_graddiss/1051/},
	file = {Aristotelous - Adaptive Discontinuous Galerkin Finite Element Met.pdf:C\:\\Users\\DANIEL ACOSTA\\Zotero\\storage\\X8J27549\\Aristotelous - Adaptive Discontinuous Galerkin Finite Element Met.pdf:application/pdf}
}

@article{frieboes,
	title = {Three-dimensional multispecies nonlinear tumor growth-{II}: {Tumor} invasion and angiogenesis},
	volume = {264},
	number = {4},
	journal = {Journal of Theoretical Biology},
	author = {Frieboes, H.B. and Jin, F. and Chuang, Y.-L. and Wise, S.M. and Lowengrub, J.S. and Cristini, V.},
	year = {2010},
  doi = {10.1016/j.jtbi.2010.02.036},
	keywords = {Phase field / Difuse interface, Tumor modelling},
	pages = {1254--1278}
}

@phdthesis{signoriunderstanding,
  title={Understanding the {Evolution} of {Tumours}, a {Phase-field} {Approach}: {Analytic} {Results} and {Optimal} {Control}},
  year={2020},
  school = {University of Milano Bicocca},
  url={https://signori.faculty.polimi.it/files/PhDthesis.pdf},
  author={Signori, Andrea}
}

@article{garcke2022viscoelastic,
  title={Viscoelastic Cahn--Hilliard models for tumor growth},
  author={Garcke, Harald and Kov{\'a}cs, Bal{\'a}zs and Trautwein, Dennis},
  journal={Mathematical Models and Methods in Applied Sciences},
  volume={32},
  number={13},
  pages={2673--2758},
  year={2022},
  publisher={World Scientific},
  doi={10.1142/S0218202522500634}
}

@article{fritz2023tumor,
  title={Tumor evolution models of phase-field type with nonlocal effects and angiogenesis},
  author={Fritz, Marvin},
  journal={Bulletin of Mathematical Biology},
  volume={85},
  number={6},
  pages={44},
  year={2023},
  publisher={Springer},
  doi={10.1007/s11538-023-01151-6}
}

@article{colli2014cahn,
title = {On a {Cahn}--{Hilliard} type phase field system related to tumor growth},
journal = {Discrete and Continuous Dynamical Systems},
volume = {35},
number = {6},
pages = {2423-2442},
year = {2015},
doi = {10.3934/dcds.2015.35.2423},
author = {Pierluigi Colli and Gianni Gilardi and Danielle Hilhorst},
keywords = {Phase field model, tumor growth, viscous Cahn-Hilliard equations, well-posedness, long-time behavior, asymptotic analysis}
}

@article{colli2015vanishing,
  title={Vanishing viscosities and error estimate for a {Cahn}--{Hilliard} type phase field system related to tumor growth},
  author={Colli, Pierluigi and Gilardi, Gianni and Rocca, Elisabetta and Sprekels, J{\"u}rgen},
  journal={Nonlinear Analysis: Real World Applications},
  volume={26},
  pages={93--108},
  year={2015},
  doi = {10.1016/j.nonrwa.2015.05.002},
  publisher={Elsevier}
}

@article{colli2017asymptotic,
  title={Asymptotic analyses and error estimates for a {Cahn}-{Hilliard} type phase field system modelling tumor growth},
  author={Colli, Pierluigi and Gilardi, Gianni and Rocca, Elisabetta and Sprekels, J{\"u}rgen},
  journal={Discrete \& Continuous Dynamical Systems-Series S},
  volume={10},
  number={1},
  year={2017},
  pages={37--54},
  doi = {10.3934/dcdss.2017002}
}

@article{frigeri2015diffuse,
  title={On a diffuse interface model of tumour growth},
  author={Frigeri, Sergio and Grasselli, Maurizio and Rocca, Elisabetta},
  journal={European Journal of Applied Mathematics},
  volume={26},
  number={2},
  pages={215--243},
  year={2015},
  doi = {10.1017/S0956792514000436},
  publisher={Cambridge University Press}
}

@article{tierra2015numerical,
  title={Numerical methods for solving the {Cahn}--{Hilliard} equation and its applicability to related energy-based models},
  author={Tierra, G and Guill{\'e}n-Gonz{\'a}lez, F},
  journal={Archives of Computational Methods in Engineering},
  volume={22},
  number={2},
  pages={269--289},
  year={2015},
  doi = {10.1007/s11831-014-9112-1},
  publisher={Springer}
}

@article{badia2011finite,
  title={Finite element approximation of nematic liquid crystal flows using a saddle-point structure},
  author={Badia, Santiago and Guill\'en-Gonz\'alez, Francisco and Guti\'errez-Santacreu, Juan Vicente},
  journal={Journal of Computational Physics},
  volume={230},
  number={4},
  pages={1686--1706},
  year={2011},
  doi = {10.1016/j.jcp.2010.11.033},
  publisher={Elsevier}
}

@article{yang2016linear,
  title={Linear, first and second-order, unconditionally energy stable numerical schemes for the phase field model of homopolymer blends},
  author={Yang, Xiaofeng},
  journal={Journal of Computational Physics},
  volume={327},
  pages={294--316},
  year={2016},
  doi = {10.1016/j.jcp.2016.09.029},
  publisher={Elsevier}
}

@article{yang2017efficient,
  title={Efficient linear schemes with unconditional energy stability for the phase field elastic bending energy model},
  author={Yang, Xiaofeng and Ju, Lili},
  journal={Computer Methods in Applied Mechanics and Engineering},
  volume={315},
  pages={691--712},
  year={2017},
  doi = {10.1016/j.cma.2016.10.041},
  publisher={Elsevier}
}

@article{yang2017numerical,
  title={Numerical approximations for the molecular beam epitaxial growth model based on the invariant energy quadratization method},
  author={Yang, Xiaofeng and Zhao, Jia and Wang, Qi},
  journal={Journal of Computational Physics},
  volume={333},
  pages={104--127},
  year={2017},
  doi = {10.1016/j.jcp.2016.12.025},
  publisher={Elsevier}
}

@article{shen2018scalar,
  title={The scalar auxiliary variable ({SAV}) approach for gradient flows},
  author={Shen, Jie and Xu, Jie and Yang, Jiang},
  journal={Journal of Computational Physics},
  volume={353},
  pages={407--416},
  year={2018},
  doi = {10.1016/j.jcp.2017.10.021},
  publisher={Elsevier}
}

@article{huang2023structurepreserving,
  title={A structure-preserving, upwind-SAV scheme for the degenerate Cahn--Hilliard equation with applications to simulating surface diffusion},
  author={Huang, Qiong-Ao and Jiang, Wei and Yang, Jerry Zhijian and Yuan, Cheng},
  journal={Journal of Scientific Computing},
  volume={97},
  number={3},
  pages={64},
  year={2023},
  publisher={Springer},
  doi={10.1007/s10915-023-02380-6}
}

@article{shen2022sav,
  title={{SAV} {Fourier}-spectral method for diffuse-interface tumor-growth model},
  author={Shen, Xiaoqin and Wu, Lixiao and Wen, Juan and Zhang, Juan},
  journal={Computers \& Mathematics with Applications},
  year={2023},
  doi = {10.1016/j.camwa.2022.09.031},
  publisher={Elsevier},
  volume={140},
  pages={250--259}
}

@article{dehghan2017comparison,
  title={Comparison between two meshless methods based on collocation technique for the numerical solution of four-species tumor growth model},
  author={Dehghan, Mehdi and Mohammadi, Vahid},
  journal={Communications in Nonlinear Science and Numerical Simulation},
  volume={44},
  pages={204--219},
  year={2017},
  doi = {10.1016/j.cnsns.2016.07.024},
  publisher={Elsevier}
}

@article{mohammadi2019simulation,
  title={Simulation of the phase field Cahn--Hilliard and tumor growth models via a numerical scheme: Element-free Galerkin method},
  author={Mohammadi, Vahid and Dehghan, Mehdi},
  journal={Computer Methods in Applied Mechanics and Engineering},
  volume={345},
  pages={919--950},
  year={2019},
  doi = {10.1016/j.cma.2018.11.019},
  publisher={Elsevier}
}

@book{dautray1999mathematical,
  title={{Mathematical} {Analysis} and {Numerical} {Methods} for {Science} and {Technology}: {Evolution} {Problems} I},
  author={Dautray, Robert and Lions, Jacques-Louis},
  volume={5},
  year={1999},
  ISBN = 9783540661016,
  publisher={Springer}
}

@book{miranville2019cahn,
  title={The {Cahn}--{Hilliard} equation: recent advances and applications},
  author={Miranville, Alain},
  year={2019},
  doi = {10.1137/1.9781611975925},
  publisher={SIAM},
  series={CBMS-NSF Regional Conference Series in Applied Mathematics},
  number={95}
}

@article{van1879thermodynamic,
  title={The thermodynamic theory of capillarity flow under the hypothesis of a continuous variation of density},
  author={van der Waals, J. D.},
  journal={Verhandel. Konink. Akad. Weten. Amsterdam},
  volume={1},
  number={8},
  year={1893},
  note={In Dutch.},
  addendum = {English translation by \fullcite{rowlinson1979translation}},

}

@article{rowlinson1979translation,
  author={Rowlinson, John S},
  journal={Journal of Statistical Physics},
  volume={20},
  pages={197--200},
  year={1979},
  publisher={Springer},
  doi={10.1007/BF01011513},
  options = {skipbib=true}
}

@article{hohenberg1977theory,
  title={Theory of dynamic critical phenomena},
  author={Hohenberg, Pierre C. and Halperin, Bertrand I.},
  journal={Reviews of Modern Physics},
  volume={49},
  number={3},
  pages={435--479},
  year={1977},
  publisher={APS},
  doi={10.1103/RevModPhys.49.435}
}

@article{gurtin1996two,
  title={Two-phase binary fluids and immiscible fluids described by an order parameter},
  author={Gurtin, Morton E. and Polignone, Debra and Vinals, Jorge},
  journal={Mathematical Models and Methods in Applied Sciences},
  volume={6},
  number={6},
  pages={815--831},
  year={1996},
  publisher={World Scientific},
  doi={10.1142/S0218202596000341}
}

@article{ten2023unified,
  title={A unified framework for {Navier}--{Stokes} {Cahn}--{Hilliard} models with non-matching densities},
  author={Ten Eikelder, M. F. P. and van der Zee, K. G. and Akkerman, I. and Schillinger, D.},
  journal={Mathematical Models and Methods in Applied Sciences},
  volume={33},
  number={1},
  pages={175--221},
  year={2023},
  publisher={World Scientific},
  doi={10.1142/S0218202523500069}
}

@article{boyer2002theoretical,
  title={A theoretical and numerical model for the study of incompressible mixture flows},
  author={Boyer, Franck},
  journal={Computers \& fluids},
  volume={31},
  number={1},
  pages={41--68},
  year={2002},
  publisher={Elsevier},
  doi={10.1016/s0045-7930(00)00031-1}
}

@article{ding2007diffuse,
  title={Diffuse interface model for incompressible two-phase flows with large density ratios},
  author={Ding, Hang and Spelt, Peter D. M. and Shu, Chang},
  journal={Journal of Computational Physics},
  volume={226},
  number={2},
  pages={2078--2095},
  year={2007},
  publisher={Elsevier},
  doi={10.1016/j.jcp.2007.06.028}
}

@article{lowengrub1998quasi,
  title={Quasi--incompressible {C}ahn--{H}illiard fluids and topological transitions},
  author={Lowengrub, John and Truskinovsky, Lev},
  journal={Proceedings of the {R}oyal {S}ociety of {L}ondon. Series A: Mathematical, Physical and Engineering Sciences},
  volume={454},
  number={1978},
  pages={2617--2654},
  year={1998},
  publisher={The Royal Society},
  doi={10.1098/rspa.1998.0273}
}

@article{abels_thermodynamically_2011,
  title={Thermodynamically consistent, frame indifferent diffuse interface models for incompressible two-phase flows with different densities},
  author={Abels, Helmut and Garcke, Harald and Gr{\"u}n, G{\"u}nther},
  journal={Mathematical Models and Methods in Applied Sciences},
  volume={22},
  number={03},
  pages={1150013},
  year={2012},
  publisher={World Scientific},
  doi={10.1142/S0218202511500138}
}

@article{liu2022pressure,
  title={A pressure-correction and bound-preserving discretization of the phase-field method for variable density two-phase flows},
  author={Liu, Chen and Ray, Deep and Thiele, Christopher and Lin, Lu and Rivière, Béatrice},
  journal={Journal of Computational Physics},
  volume={449},
  pages={110769},
  year={2022},
  publisher={Elsevier},
  doi={10.1016/j.jcp.2021.110769}
}

@article{liu2023simple,
  title={A simple and efficient convex optimization based bound-preserving high order accurate limiter for {Cahn}--{Hilliard}--{Navier}--{Stokes} system},
  author={Liu, Chen and Rivière, Béatrice and Shen, Jie and Zhang, Xiangxiong},
  journal={arXiv preprint},
  year={2023},
  doi={10.48550/arXiv.2307.09726}
}

@article{tierra_guillen_abels_2014,
	title = {Splitting {Schemes} for a {Navier}-{Stokes}-{Cahn}-{Hilliard} {Model} for {Two} {Fluids} with {Different} {Densities}},
	volume = {32},
	doi = {10.4208/jcm.1405-m4410},
	abstract = {In this work, we focus on designing eﬃcient numerical schemes to approximate a thermodynamically consistent Navier-Stokes/Cahn-Hilliard problem given in [3] modeling the mixture of two incompressible ﬂuids with diﬀerent densities. The model is based on a diﬀuse-interface phase-ﬁeld approach that is able to describe topological transitions like droplet coalescense or droplet break-up in a natural way. We present a splitting scheme, decoupling computations of the Navier-Stokes part from the Cahn-Hilliard one, which is unconditionally energy-stable up to the choice of the potential approximation. Some numerical experiments are carried out to validate the correctness and the accuracy of the scheme, and to study the sensitivity of the scheme with respect to diﬀerent physical parameters.},
	number = {6},
	journal = {Journal of Computational Mathematics},
	author = {Guillén-González, Francisco and Tierra, Giordano},
	year = {2014},
	pages = {643--664},
	file = {Tierra - 2014 - Splitting Schemes for a Navier-Stokes-Cahn-Hilliar.pdf:/Users/daniel/Zotero/storage/ZFVB9BDY/Tierra - 2014 - Splitting Schemes for a Navier-Stokes-Cahn-Hilliar.pdf:application/pdf},
}

@article{grun_guillen-gonzalez_metzger_2016,
	title={On Fully Decoupled, Convergent Schemes for Diffuse Interface Models for Two-Phase Flow with General Mass Densities},
	volume={19},
	DOI={10.4208/cicp.scpde14.39s},
	number={5},
	journal={Communications in Computational Physics},
	publisher={Cambridge University Press},
	author={Grün, Günther and Guillén-González, Francisco and Metzger, Stefan},
	year={2016},
	pages={1473--1502}
}

@article{shen2015decoupled,
  title={Decoupled, Energy Stable Schemes for Phase-Field Models of Two-Phase Incompressible Flows},
  author={Shen, Jie and Yang, Xiaofeng},
  journal={SIAM Journal on Numerical Analysis},
  volume={53},
  number={1},
  pages={279--296},
  year={2015},
  publisher={SIAM},
  doi={10.1137/140971154}
}

@article{chen2022positivity,
  title={A positivity preserving, energy stable finite difference scheme for the {Flory}--{Huggins}--{Cahn}--{Hilliard}--{Navier}-{Stokes} system},
  author={Chen, Wenbin and Jing, Jianyu and Wang, Cheng and Wang, Xiaoming},
  journal={Journal of Scientific Computing},
  volume={92},
  number={2},
  pages={31},
  year={2022},
  publisher={Springer},
  doi={10.1007/s10915-022-01872-1}
}

@article{acosta2023structure,
  title={A structure-preserving upwind {DG} scheme for a degenerate phase-field tumor model},
  author={Acosta-Soba, Daniel and Guill{\'e}n-Gonz{\'a}lez, Francisco and Rodr{\'i}guez-Galv{\'a}n, J. Rafael},
  journal={Computers \& Mathematics with Applications},
  year={2023},
  volume={152},
  pages={317--333},
  doi={10.1016/j.camwa.2023.10.028}
}

@book{clarke1990optimization,
  title={Optimization and nonsmooth analysis},
  author={Clarke, Frank H},
  year={1990},
  publisher={SIAM},
  doi={10.1137/1.9781611971309},
  series={Classics in Applied Mathematics}
}

@article{guermond_overview_2006,
	title = {An overview of projection methods for incompressible flows},
	volume = {195},
	doi = {10.1016/j.cma.2005.10.010},
	abstract = {A series of numerical issues related to the analysis and implementation of fractional step methods for incompressible ﬂows are addressed in this paper. These methods are often referred to in the literature as projection methods, and can be classiﬁed into three classes, namely the pressure-correction methods, the velocity-correction methods, and the consistent splitting methods. For each class of schemes, theoretical and numerical convergence results available in the literature are reviewed and open questions are discussed. The essential results are summarized in a table which could serve as a useful reference to numerical analysts and practitioners.},
	language = {en},
	number = {44-47},
	journal = {Computer Methods in Applied Mechanics and Engineering},
	author = {Guermond, J. L. and Minev, P. and Shen, Jie},
	year = {2006},
	pages = {6011--6045},
	file = {Guermond et al. - 2006 - An overview of projection methods for incompressib.pdf:/Users/daniel/Zotero/storage/E26M89GS/Guermond et al. - 2006 - An overview of projection methods for incompressib.pdf:application/pdf},
}

@article{guermond2003new,
  title={A new class of truly consistent splitting schemes for incompressible flows},
  author={Guermond, J. L. and Shen, Jie},
  journal={Journal of computational physics},
  volume={192},
  number={1},
  pages={262--276},
  year={2003},
  publisher={Elsevier},
  doi={10.1016/j.jcp.2003.07.009}
}

@techreport{petsc-user-ref,
  author = {Satish Balay and Shrirang Abhyankar and Mark~F. Adams and Steven Benson and Jed Brown
    and Peter Brune and Kris Buschelman and Emil Constantinescu and Lisandro Dalcin and Alp Dener
    and Victor Eijkhout and Jacob Faibussowitsch and William~D. Gropp and V\'{a}clav Hapla and Tobin Isaac and Pierre Jolivet
    and Dmitry Karpeev and Dinesh Kaushik and Matthew~G. Knepley and Fande Kong and Scott Kruger
    and Dave~A. May and Lois Curfman McInnes and Richard Tran Mills and Lawrence Mitchell and Todd Munson
    and Jose~E. Roman and Karl Rupp and Patrick Sanan and Jason Sarich and Barry~F. Smith
    and Stefano Zampini and Hong Zhang and Hong Zhang and Junchao Zhang},
  title       = {{PETSc/TAO} Users Manual},
  institution = {Argonne National Laboratory},
  number      = {ANL-21/39 - Revision 3.19},
  doi         = {10.2172/1968587},
  year        = {2023},
}

@article{DalcinPazKlerCosimo2011,
  title = {Parallel distributed computing using Python},
  author = {Lisandro D. Dalcin and Rodrigo R. Paz and Pablo A. Kler and Alejandro Cosimo},
  journal = {Advances in Water Resources},
  volume = {34},
  number = {9},
  pages = {1124--1139},
  doi = {10.1016/j.advwatres.2011.04.013},
  year = {2011},
}

@article{mumps2001,
  title={A Fully Asynchronous Multifrontal Solver Using Distributed Dynamic Scheduling},
  author={Amestoy, Patrick R and Duff, Iain S and L'Excellent, Jean-Yves and Koster, Jacko},
  journal={SIAM Journal on Matrix Analysis and Applications},
  volume={23},
  number={1},
  pages={15--41},
  year={2001},
  publisher={SIAM},
  doi={10.1137/S0895479899358194}
}

@article{mumps2006,
  title={Hybrid scheduling for the parallel solution of linear systems},
  author={Amestoy, Patrick R and Guermouche, Abdou and L’Excellent, Jean-Yves and Pralet, St{\'e}phane},
  journal={Parallel computing},
  volume={32},
  number={2},
  pages={136--156},
  year={2006},
  publisher={Elsevier},
  doi={10.1016/j.parco.2005.07.004}
}

@article{hawkins2013bayesian,
  title={Bayesian calibration, validation, and uncertainty quantification of diffuse interface models of tumor growth},
  author={Hawkins-Daarud, Andrea and Prudhomme, Serge and van der Zee, Kristoffer G. and Oden, J Tinsley},
  journal={Journal of Mathematical Biology},
  volume={67},
  pages={1457--1485},
  year={2013},
  number={6--7},
  publisher={Springer},
  doi={10.1007/s00285-012-0595-9}
}

@article{oden2010general,
  title={General diffuse-interface theories and an approach to predictive tumor growth modeling},
  author={Oden, J Tinsley and Hawkins, Andrea and Prudhomme, Serge},
  journal={Mathematical Models and Methods in Applied Sciences},
  volume={20},
  number={03},
  pages={477--517},
  year={2010},
  publisher={World Scientific},
  doi={10.1142/S0218202510004313}
}

@article{lima2016selection,
  title={Selection, calibration, and validation of models of tumor growth},
  author={Lima, EABF and Oden, JT and Hormuth, DA and Yankeelov, TE and Almeida, RC},
  journal={Mathematical Models and Methods in Applied Sciences},
  volume={26},
  number={12},
  pages={2341--2368},
  year={2016},
  publisher={World Scientific},
  doi={10.1142/S021820251650055X}
}

@article{lima2017selection,
  title={Selection and validation of predictive models of radiation effects on tumor growth based on noninvasive imaging data},
  author={Lima, EABF and Oden, JT and Wohlmuth, B and Shahmoradi, A and Hormuth II, DA and Yankeelov, TE and Scarabosio, L and Horger, T},
  journal={Computer Methods in Applied Mechanics and Engineering},
  volume={327},
  pages={277--305},
  year={2017},
  publisher={Elsevier},
  doi={10.1016/j.cma.2017.08.009}
}

@article{oden2016toward,
  title={Toward Predictive Multiscale Modeling of Vascular Tumor Growth: Computational and Experimental Oncology for Tumor Prediction},
  author={Oden, J Tinsley and Lima, Ernesto ABF and Almeida, Regina C and Feng, Yusheng and Rylander, Marissa Nichole and Fuentes, David and Faghihi, Danial and Rahman, Mohammad M and DeWitt, Matthew and Gadde, Manasa and others},
  journal={Archives of Computational Methods in Engineering},
  volume={23},
  number={4},
  pages={735--779},
  year={2016},
  publisher={Springer},
  doi={10.1007/s11831-015-9156-x}
}

@article{pozzi2022t,
  title={T cell therapy against cancer: A predictive diffuse-interface mathematical model informed by pre-clinical studies},
  author={Pozzi, G. and Grammatica, B. and Chaabane, L. and Catucci, M. and Mondino, A. and Zunino, P. and Ciarletta, P.},
  journal={Journal of Theoretical Biology},
  volume={547},
  pages={111172},
  year={2022},
  publisher={Elsevier},
  doi={10.1016/j.jtbi.2022.111172}
}

@article{agosti2018computational,
  title={A computational framework for the personalized clinical treatment of glioblastoma multiforme},
  author={Agosti, Abramo and Cattaneo, Clara and Giverso, Chiara and Ambrosi, Davide and Ciarletta, Pasquale},
  journal={ZAMM-Journal of Applied Mathematics and Mechanics / Zeitschrift f{\"u}r Angewandte Mathematik und Mechanik},
  volume={98},
  number={12},
  pages={2307--2327},
  year={2018},
  publisher={Wiley Online Library},
  doi={10.1002/zamm.201700294}
}

@article{agosti2020learning,
  title={Learning patient-specific parameters for a diffuse interface glioblastoma model from neuroimaging data},
  author={Agosti, Abramo and Ciarletta, Pasquale and Garcke, Harald and Hinze, Michael},
  journal={Mathematical Methods in the Applied Sciences},
  volume={43},
  number={15},
  pages={8945--8979},
  year={2020},
  publisher={Wiley Online Library},
  doi={10.1002/mma.6588}
}

@article{agosti2018personalized,
  title={A personalized mathematical tool for neuro-oncology: A clinical case study},
  author={Agosti, Abramo and Giverso, Chiara and Faggiano, Elena and Stamm, Aymeric and Ciarletta, Pasquale},
  journal={International Journal of Non-Linear Mechanics},
  volume={107},
  pages={170--181},
  year={2018},
  publisher={Elsevier},
  doi={10.1016/j.ijnonlinmec.2018.06.004}
}

@article{garcke2016cahn,
  title={A Cahn--Hilliard--Darcy model for tumour growth with chemotaxis and active transport},
  author={Garcke, Harald and Lam, Kei Fong and Sitka, Emanuel and Styles, Vanessa},
  journal={Mathematical Models and Methods in Applied Sciences},
  volume={26},
  number={06},
  pages={1095--1148},
  year={2016},
  publisher={World Scientific},
  doi={10.1142/S0218202516500263}
}

@article{garcke2018multiphase,
  title={A multiphase Cahn--Hilliard--Darcy model for tumour growth with necrosis},
  author={Garcke, Harald and Lam, Kei Fong and N{\"u}rnberg, Robert and Sitka, Emanuel},
  journal={Mathematical Models and Methods in Applied Sciences},
  volume={28},
  number={03},
  pages={525--577},
  year={2018},
  publisher={World Scientific},
  doi={10.1142/S0218202518500148}
}

@inbook{garcke2018cahn,
author={Garcke, Harald and Lam, Kei Fong},
editor={Rocca, Elisabetta
and Stefanelli, Ulisse
and Truskinovsky, Lev
and Visintin, Augusto},
title={On a Cahn--Hilliard--Darcy System for Tumour Growth with Solution Dependent Source Terms},
bookTitle={Trends in Applications of Mathematics to Mechanics},
year={2018},
publisher={Springer},
pages={243--264},
doi={10.1007/978-3-319-75940-1_12},
}

@article{garcke2021phase,
  title={On a phase field model of Cahn--Hilliard type for tumour growth with mechanical effects},
  author={Garcke, Harald and Lam, Kei Fong and Signori, Andrea},
  journal={Nonlinear Analysis: Real World Applications},
  volume={57},
  pages={103192},
  year={2021},
  publisher={Elsevier},
  doi={10.1016/j.nonrwa.2020.103192}
}

@article{frigeri2018multi,
  title={On a multi-species Cahn-Hilliard-Darcy tumor growth model with singular potentials},
  author={Frigeri, S and Lam, KF and Rocca, E and Schimperna, G and others},
  journal={Communications in Mathematical Sciences},
  volume={16},
  number={3},
  pages={821--856},
  year={2018},
  publisher={International Press of Boston, Inc.},
  doi={10.4310/CMS.2018.v16.n3.a11}
}

@article{colli2023cahn,
  title={Cahn--Hilliard--Brinkman model for tumor growth with possibly singular potentials},
  author={Colli, Pierluigi and Gilardi, Gianni and Signori, Andrea and Sprekels, J{\"u}rgen},
  journal={Nonlinearity},
  volume={36},
  number={8},
  pages={4470},
  year={2023},
  publisher={IOP Publishing},
  doi={10.1088/1361-6544/ace2a7}
}

@article{ebenbeck2021cahn,
  title={Cahn--Hilliard--Brinkman systems for tumour growth},
  author={Ebenbeck, Matthias and Garcke, Harald and N{\"u}rnberg, Robert},
  journal={Discrete and Continuous Dynamical Systems-S},
  volume={14},
  number={11},
  pages={3989--4033},
  year={2021},
  publisher={Discrete and Continuous Dynamical Systems-S},
  doi={10.3934/dcdss.2021034}
}

@article{ebenbeck2019analysis,
  title={Analysis of a Cahn--Hilliard--Brinkman model for tumour growth with chemotaxis},
  author={Ebenbeck, Matthias and Garcke, Harald},
  journal={Journal of Differential Equations},
  volume={266},
  number={9},
  pages={5998--6036},
  year={2019},
  publisher={Elsevier},
  doi={10.1016/j.jde.2018.10.045}
}

@article{fritz2019unsteady,
  title={On the unsteady Darcy--Forchheimer--Brinkman equation in local and nonlocal tumor growth models},
  author={Fritz, Marvin and Lima, Ernesto ABF and Tinsley Oden, J and Wohlmuth, Barbara},
  journal={Mathematical Models and Methods in Applied Sciences},
  volume={29},
  number={09},
  pages={1691--1731},
  year={2019},
  publisher={World Scientific},
  doi={10.1142/S0218202519500325}
}

@article{elbar2023analysis,
  title={Analysis and numerical simulation of a generalized compressible Cahn-Hilliard-Navier-Stokes model with friction effects},
  author={Elbar, Charles and Poulain, Alexandre},
  journal={arXiv preprint},
  year={2023},
  doi={10.48550/arXiv.2305.05623}
}

@article{acosta2023property,
      title={Property-preserving numerical approximations of a Cahn--Hilliard--Navier--Stokes model with variable densities and degenerate mobility}, 
      author={Daniel Acosta-Soba and Francisco Guillén-González and J. Rafael Rodríguez-Galván and Jin Wang},
	  journal={Submitted, arXiv preprint},
      year={2023},
      archivePrefix={arXiv},
	  doi={10.48550/arXiv.2310.01522}
}

@book{boffi2013mixed,
  title={Mixed finite element methods and applications},
  author={Boffi, Daniele and Brezzi, Franco and Fortin, Michel},
  number={44},
  year={2013},
  publisher={Springer},
  series={Springer Series in Computational Mathematics},
  doi={10.1007/978-3-642-36519-5}
}

@article{sung2021global,
  title={Global cancer statistics 2020: GLOBOCAN estimates of incidence and mortality worldwide for 36 cancers in 185 countries},
  author={Sung, Hyuna and Ferlay, Jacques and Siegel, Rebecca L and Laversanne, Mathieu and Soerjomataram, Isabelle and Jemal, Ahmedin and Bray, Freddie},
  journal={CA: A Cancer Journal for Clinicians},
  volume={71},
  number={3},
  pages={209--249},
  year={2021},
  publisher={Wiley Online Library},
  doi={10.3322/caac.21660}
}

@book{goodfellow2016deep,
  title={Deep learning},
  author={Goodfellow, Ian and Bengio, Yoshua and Courville, Aaron},
  year={2016},
  publisher={MIT Press},
  isbn={9780262035613}
}

@article{raissi2019physics,
  title={Physics-informed neural networks: A deep learning framework for solving forward and inverse problems involving nonlinear partial differential equations},
  author={Raissi, Maziar and Perdikaris, Paris and Karniadakis, George E},
  journal={Journal of Computational physics},
  volume={378},
  pages={686--707},
  year={2019},
  publisher={Elsevier},
  doi={10.1016/j.jcp.2018.10.045}
}

@article{cuomo2022scientific,
  title={Scientific Machine Learning Through Physics--Informed Neural Networks: Where we are and What's Next},
  author={Cuomo, Salvatore and Di Cola, Vincenzo Schiano and Giampaolo, Fabio and Rozza, Gianluigi and Raissi, Maziar and Piccialli, Francesco},
  journal={Journal of Scientific Computing},
  volume={92},
  number={3},
  pages={88},
  year={2022},
  publisher={Springer},
  doi={10.1007/s10915-022-01939-z}
}

@article{zhang2010maximum,
  title={On maximum-principle-satisfying high order schemes for scalar conservation laws},
  author={Zhang, Xiangxiong and Shu, Chi-Wang},
  journal={Journal of Computational Physics},
  volume={229},
  number={9},
  pages={3091--3120},
  year={2010},
  publisher={Elsevier},
  doi={10.1016/j.jcp.2009.12.030}
}

@article{zhang2012maximum,
  title={Maximum-principle-satisfying and positivity-preserving high order discontinuous Galerkin schemes for conservation laws on triangular meshes},
  author={Zhang, Xiangxiong and Xia, Yinhua and Shu, Chi-Wang},
  journal={Journal of Scientific Computing},
  volume={50},
  number={1},
  pages={29--62},
  year={2012},
  publisher={Springer},
  doi={10.1007/s10915-011-9472-8}
}

@article{zhang2013maximum,
  title={Maximum-principle-satisfying second order discontinuous Galerkin schemes for convection--diffusion equations on triangular meshes},
  author={Zhang, Yifan and Zhang, Xiangxiong and Shu, Chi-Wang},
  journal={Journal of Computational Physics},
  volume={234},
  pages={295--316},
  year={2013},
  publisher={Elsevier},
  doi={10.1016/j.jcp.2012.09.032}
}

@article{shu2016high,
  title={High order WENO and DG methods for time-dependent convection-dominated PDEs: A brief survey of several recent developments},
  author={Shu, Chi-Wang},
  journal={Journal of Computational Physics},
  volume={316},
  pages={598--613},
  year={2016},
  publisher={Elsevier},
  doi={10.1016/j.jcp.2016.04.030}
}

@article{qin2018implicit,
  title={Implicit positivity-preserving high-order discontinuous Galerkin methods for conservation laws},
  author={Qin, Tong and Shu, Chi-Wang},
  journal={SIAM Journal on Scientific Computing},
  volume={40},
  number={1},
  pages={A81--A107},
  year={2018},
  publisher={SIAM},
  doi={10.1137/17M112436X}
}

@article{li2023dampening,
  title={Dampening gradient nonlinearities prevent $\delta$-formations in attraction-repulsion chemotaxis models},
  author={Li, Tongxing and Acosta-Soba, Daniel and Columbu, Alessandro and Viglialoro, Giuseppe},
  journal={To be submitted},
  year={2023}
}

@book{evans2010partial,
  title={Partial differential equations},
  author={Evans, Lawrence C},
  series={Graduate Studies in Mathematics},
  number={19},
  year={2010},
  publisher={American Mathematical Society},
  isbn={978-1-4704-6942-9}
}

@article{gomez2021evolution,
  title={Evolution of Experimental Models in the Study of Glioblastoma: Toward Finding Efficient Treatments},
  author={G{\'o}mez-Oliva, Ricardo and Dom{\'\i}nguez-Garc{\'\i}a, Samuel and Carrascal, Livia and Abalos-Mart{\'\i}nez, Jessica and Pardillo-D{\'\i}az, Ricardo and Ver{\'a}stegui, Cristina and Castro, Carmen and Nunez-Abades, Pedro and Geribaldi-Dold{\'a}n, Noelia},
  journal={Frontiers in Oncology},
  volume={10},
  pages={614295},
  year={2021},
  publisher={Frontiers Media SA},
  doi={10.3389/fonc.2020.614295}
}

@article{li2023combining,
  title={Combining effects ensuring boundedness in an attraction--repulsion chemotaxis model with production and consumption},
  author={Li, Tongxing and Frassu, Silvia and Viglialoro, Giuseppe},
  journal={Zeitschrift f{\"u}r angewandte Mathematik und Physik},
  volume={74},
  number={3},
  pages={109},
  year={2023},
  publisher={Springer},
  doi={10.1007/s00033-023-01976-0}
}

@article{columbu2023uniform,
  title={Uniform-in-time boundedness in a class of local and nonlocal nonlinear attraction-repulsion chemotaxis models with logistics},
  author={Columbu, Alessandro and Fuentes, Rafael Diaz and Frassu, Silvia},
  journal={arXiv preprint},
  year={2023},
  doi={10.48550/arXiv.2311.06526}
}

@article{guillen2024CH,
  title={Energy-stable and boundedness preserving numerical schemes for the Cahn-Hilliard equation with degenerate mobility},
  author={Guill{\'e}n-Gonz{\'a}lez, Francisco and Tierra, Giordano},
  journal={Applied Numerical Mathematics},
  volume={196},
  pages={62--82},
  year={2024},
  publisher={Elsevier},
  doi={10.1016/j.apnum.2023.10.006}
}

@article{guillen2024chemo,
  title={Finite element numerical schemes for a chemo-attraction and consumption model},
  author={Guill{\'e}n-Gonz{\'a}lez, Francisco and Tierra, Giordano},
  journal={Journal of Computational and Applied Mathematics},
  pages={115676},
  year={2024},
  publisher={Elsevier},
  doi={10.1016/j.cam.2023.115676},
  volume={441}
}

@article{sun2010control,
  title={Control of neuronal migration through rostral migratory stream in mice},
  author={Sun, Woong and Kim, Hyun and Moon, Younghye},
  journal={Anatomy \& cell biology},
  volume={43},
  number={4},
  pages={269--279},
  year={2010},
  publisher={Korean Association of Anatomists}
}